5107 6540
1059 452 1179 530 ΟΝ
1232 473 1374 530 nm
1424 455 1903 533 Lrsumssa
1953 460 2488 537 nasama
2545 475 2709 533 mc.
3318 462 3409 535 19

272 659 416 737 has
464 660 653 736 been
704 658 1005 758 already
1056 656 1472 753 described,
1552 658 1699 735 and
1751 659 1997 739 ofthe
2046 683 2280 761 genus
2331 662 2788 741 Acidoetoma
2860 660 2993 741 full
3067 661 3329 739 details
3392 663 3517 739 vill

274 780 372 855 be
426 778 649 876 given
697 778 775 853 in
822 776 945 853 the
996 777 1266 905 sequel.

571 926 736 1001 The
775 948 1009 1023 genus
1049 927 1271 1002 Ὶῖνοπ
1307 927 1359 1030 ¹)
1409 927 1479 1003 is
1528 927 1831 1026 typified
1879 928 1955 1003 in
2008 953 2055 1004 a
2106 930 2412 1028 species,
2465 931 2690 1007 found
2740 932 2843 1030 by
2873 952 2963 1007 us
2999 939 3076 1006 at
3109 930 3513 1008 Christian—

267 1046 460 1123 sund
505 1047 581 1121 in
630 1046 702 1120 N
705 1069 951 1144 orway
1003 1054 1078 1121 at
1125 1069 1172 1120 a
1224 1045 1439 1144 depth
1492 1049 1576 1122 of
1620 1051 1718 1122 30
1770 1054 1845 1123 to
1897 1051 1998 1122 40
2047 1049 2391 1145 fathoms,
2472 1050 2706 1125 which
2783 1070 2898 1125 we
2963 1050 3040 1125 in
3090 1072 3220 1126 our
3269 1050 3514 1148 public

266 1164 583 1239 lectures
635 1165 820 1239 have
872 1162 1108 1239 called
1170 1164 1398 1238 Tiron
1449 1168 1897 1241 acanthum.
1976 1189 2044 1240 n.
2097 1188 2206 1262 sp.

574 1317 844 1393 Forma
894 1318 1154 1417 capitis
1208 1342 1300 1394 ex
1346 1326 1552 1416 parte
1606 1342 1767 1394 cum
1820 1316 2075 1394 eadem
2127 1342 2291 1416 gen.
2357 1318 2681 1394 Oediceri
2739 1320 3099 1417 congruit,
3180 1328 3513 1395 antennae

266 1437 682 1534 superiores
730 1454 902 1511 vero
954 1436 1251 1534 flagello
1304 1436 1844 1536 appendiculam-i
1894 1438 2115 1535 longo
2170 1447 2335 1515 sunt
2403 1438 2729 1536 praeditae
2745 1495 2764 1529 ‚
2843 1447 2919 1514 et
2975 1438 3202 1537 pedes
3279 1439 3513 1514 trunci

271 1558 313 1628 7
318 1555 445 1629 :mi
493 1554 694 1653 paris
742 1554 1191 1652 longitudine
1241 1555 1471 1654 pedes
1521 1556 1919 1633 anteriores
1952 1564 2271 1654 mquam,
2327 1565 2401 1635 et
2432 1559 2726 1652 breves,
2780 1558 3013 1633 crassi
3048 1566 3122 1632 et
3151 1556 3514 1655 unguiferi

270 1683 462 1749 sunt.
586 1672 833 1751 Pedes
883 1673 1119 1749 trunci
1176 1675 1343 1751 lzmi
1410 1682 1489 1749 et
1548 1673 1694 1750 22di
1743 1675 1944 1773 paris
1995 1677 2345 1772 graciles,
2422 1698 2668 1774 ungue
2728 1684 2970 1753 tamen
3020 1699 3166 1751 non
3213 1674 3514 1753 flexibili

264 1792 617 1868 instructi.
749 1790 1147 1888 Segmenta
1196 1790 1528 1869 caudalia
1581 1814 1890 1891 superne
1958 1795 2035 1869 in
2098 1795 2385 1871 medion
2461 1794 3080 1892 longitudinaliter
3156 1793 3509 1887 carinata,

264 1911 518 1987 carina
568 1910 664 1987 ad
712 1911 1113 2007 marginem
1169 1912 1642 2010 posteriorem
1693 1921 2230 2009 segmentorum
2277 1915 2354 1988 in
2404 1913 2762 2008 aculeum,
2817 1912 2939 2010 qui
2987 1913 3061 1987 in
3115 1911 3514 2008 segmentis

266 2034 419 2104 42to
472 2037 544 2104 et
595 2033 739 2105 5zto
784 2052 1095 2127 magnus
1148 2036 1293 2123 est,
1368 2039 1442 2105 et
1492 2029 1726 2105 adhuc
1778 2031 1852 2104 in
1905 2042 2282 2128 segmento
2338 2037 2480 2107 Gzto
2535 2032 2988 2125 observatur,
3069 2040 3510 2106 excurrente.

262 2146 626 2224 Antennae
678 2148 1088 2246 superiores
1139 2146 1589 2244 longitudine
1651 2148 2054 2248 pedunculo
2132 2158 2602 2225 antennarum
2679 2149 3092 2225 inferiorum
3167 2150 3510 2246 aequales.

264 2264 506 2340 Frons
560 2266 926 2364 aliquanto
994 2263 1372 2365 producta,
1450 2267 1663 2341 basin
1742 2276 2207 2343 antennarum
2289 2270 2734 2367 superiorum
2806 2269 3196 2365 obtegens,
3274 2276 3511 2342 rostro

266 2385 472 2459 brevi
524 2384 655 2460 sed
706 2393 936 2461 acuto.
1044 2383 1258 2461 Oculi
1307 2385 1524 2460 rubri.
1628 2384 2044 2482 Longitudo
2088 2388 2253 2465 circ.
2313 2391 2407 2463 10
2458 2386 2729 2461 millim.

572 2538 735 2613 The
786 2561 1020 2636 genus
1070 2539 1539 2639 Oediceropszls
1587 2538 1654 2613 is
1707 2539 1866 2614 also
1917 2540 2216 2638 typified
2267 2541 2367 2640 by
2418 2565 2465 2615 a
2517 2539 2759 2637 single
2796 2541 3103 2639 species,
3156 2535 3380 2613 found
3412 2536 3512 2634 by

271 2679 358 2731 us
409 2656 486 2731 in
536 2656 658 2731 the
712 2680 842 2732 sea
894 2660 1000 2733 off
1042 2657 1287 2733 Molde
1337 2658 1414 2732 in
1463 2656 1784 2757 Norway
1836 2667 1913 2732 at
1963 2682 2010 2733 a
2060 2659 2279 2758 depth
2330 2661 2412 2737 of
2454 2662 2555 2735 40
2608 2683 2691 2735 or
2743 2663 2840 2735 50
2891 2659 3223 2748 fatboms,
3276 2654 3514 2728 which

267 2794 379 2849 we
429 2774 506 2848 in
560 2795 691 2849 our
739 2776 983 2873 public
1033 2775 1346 2852 lectures
1388 2777 1572 2850 have
1610 2776 1843 2851 called
1891 2778 2363 2881 Oedieeropsis
2396 2779 2811 2853 brwicornis
2848 2802 2915 2852 n.
2945 2801 3076 2875 sp.,
3129 2778 3250 2852 the
3283 2796 3513 2871 upper

269 2900 600 2969 antennae
650 2894 874 2991 being
923 2894 1391 2993 particularly
1443 2894 1660 2970 short.

571 3055 840 3131 Forma
888 3056 1211 3153 corporis
1264 3054 1497 3130 eidem
1551 3076 1716 3150 gen.
1766 3052 2090 3128 Oediceri
2133 3054 2347 3131 valde
2398 3054 2685 3149 similis,
2742 3061 2958 3152 caput
3001 3062 3241 3128 tamen
3277 3061 3510 3133 rostro

267 3180 499 3268 caret,
555 3182 629 3248 et
677 3173 904 3273 pedes
956 3173 1187 3249 trunci
1244 3178 1284 3248 7
1291 3173 1409 3248 :mi
1460 3172 1688 3272 paris,
1771 3173 1893 3268 qui
1942 3171 2238 3268 longum
2291 3180 2365 3248 et
2410 3182 2684 3248 rectum
2734 3196 3045 3270 unguem
3095 3173 3381 3267 habent,
3437 3180 3513 3248 et

266 3293 470 3389 longi
523 3300 596 3367 et
645 3294 962 3390 graciles
1016 3301 1214 3387 sunt,
1293 3301 1535 3368 tamen
1595 3291 1901 3391 pedibus
1979 3291 2451 3367 anterioribus
2519 3292 2644 3367 62ti
2693 3293 2892 3390 paris
2943 3314 3083 3367 non
3141 3292 3359 3391 duplo
3409 3339 3513 3350 —

269 3412 438 3487 circ.
492 3411 740 3508 sesqui
789 3457 891 3467 —-
941 3412 1310 3508 longiores
1363 3418 1545 3486 sunt.
1674 3409 2030 3486 Antennae
2081 3411 2491 3509 superiores
2542 3434 2686 3485 non
2737 3410 2953 3485 finem
3005 3411 3286 3486 articuli
3337 3434 3511 3508 pen-

266 3530 499 3606 ultimi
546 3529 932 3628 pedunculi
983 3540 1453 3605 antennarum
1505 3529 1922 3605 inferiorum
1989 3538 2498 3626 assequuntur,
2584 3538 2659 3605 et
2725 3529 3023 3625 flagello
3077 3529 3510 3628 appendicu-

266 3647 406 3723 lari
458 3656 722 3724 carent.
826 3648 1181 3725 Antennae
1232 3649 1604 3724 inferiores
1656 3670 1974 3745 magnae,
2027 3648 2179 3722 fere
2231 3647 2698 3745 pediformes,
2766 3646 3070 3723 articulo
3122 3647 3510 3746 penultimo

271 3765 652 3865 pedunculi
707 3768 967 3842 ceteris
1014 3767 1286 3864 majore
1347 3774 1421 3841 et
1476 3765 1569 3842 ad
1622 3765 1903 3866 apicem
1952 3767 2138 3841 infra
2190 3775 2422 3842 setam
2483 3790 2825 3865 magnam
2888 3775 3205 3864 gerente.
3338 3762 3510 3840 Oris

270 3891 518 3982 partes
572 3885 1170 3983 appendiculares
1224 3895 1298 3960 et
1346 3884 1562 3983 hujus
1614 3900 1688 3960 et
1738 3885 2118 3961 anterioris
2175 3885 2447 3982 speciei
2508 3895 2864 3962 structura
2914 3887 3182 3962 solita.'
3266 3883 3510 3960 Pedes

270 4003 501 4078 trunci
558 4003 724 4078 lzmi
778 4011 851 4079 et
903 4003 1048 4079 2zdi
1098 4005 1298 4104 paris
1348 4005 1581 4080 forma
1629 4005 1812 4079 inter
1864 4026 1946 4079 se
2000 4004 2305 4099 similes,
2389 4029 2605 4081 manu
2668 4004 3230 4099 subcheliformi,
3287 4003 3507 4098 ovali,

274 4144 492 4220 carpo
546 4122 826 4219 postice
878 4122 1316 4218 aliquantum
1370 4123 1737 4220 producto.
1867 4120 2109 4198 Pedes
2161 4123 2393 4197 trunci
2459 4123 2611 4198 32tii
2689 4132 2763 4199 et
2828 4122 2954 4196 4215
3030 4122 3229 4221 paris
3303 4121 3513 4219 parvi

272 4247 347 4313 et
396 4238 734 4336 graciles.
865 4239 1333 4336 Segmentum
1385 4241 1688 4316 caudale
1745 4245 1785 4315 7
1792 4264 2003 4316 :mum
2064 4242 2424 4338 integrum
2485 4251 2560 4317 et
2606 4263 2905 4340 parvum
2957 4239 3092 4316 sed
3140 4240 3507 4315 laminare.

271 4357 512 4433 Pedes
566 4357 909 4434 candales
959 4359 1191 4434 ultimi
1241 4360 1461 4435 ramis
1514 4359 1791 4435 duobus
1845 4361 2209 4457 angustis,
2288 4362 2441 4436 fere
2492 4362 2911 4459 aequalibus.
3015 4358 3238 4436 Color
3287 4358 3509 4433 flave-

272 4498 525 4572 scens3
578 4477 767 4552 oculi
817 4478 1316 4573 rubescentes,
1371 4478 1504 4554 sed
1553 4499 1801 4576 parum
1856 4479 2199 4555 visibiles.
2303 4479 2717 4576 Longitudo
2771 4479 2938 4554 circ.
2995 4482 3039 4552 8
3092 4477 3362 4553 millim.

579 4645 695 4722 To
748 4648 869 4721 the
921 4670 1196 4745 genera
1245 4647 1680 4746 Microplaoe,
1745 4647 1970 4724 Odius
2020 4648 2164 4723 and
2227 4647 2605 4748 Cblliopius
2675 4671 2787 4723 we
2838 4647 3025 4723 have
3078 4648 3294 4744 given
3346 4670 3511 4722 new

275 4786 528 4839 names
579 4764 864 4840 instead
917 4766 999 4840 of
1039 4765 1161 4840 the
1210 4789 1460 4841 names
1513 4765 1788 4852 Iduna,
1877 4766 2055 4842 Otus
2107 4764 2249 4842 and
2312 4766 2652 4868 Calliope,
2728 4765 2961 4840 which
3010 4766 3157 4841 had
3211 4764 3510 4865 already

270 4882 525 4957 before
576 4884 763 4959 been
813 4882 1027 4980 given
1083 4892 1156 4958 to
1211 4883 1413 4960 other
1465 4884 1789 4961 animals.

545 5149 591 5236 ¹)
651 5152 895 5233 Τείρων
966 5148 1209 5237 Proper
1251 5165 1459 5214 name.
