5107 6540
1530 617 1625 688 13
2632 596 2703 674 J.
2759 599 2843 674 E.
2897 599 3397 694 Aanscnouo,

1803 812 2184 909 Urospora
2233 817 2575 890 mirabilis
2627 814 2928 890 Aresch.

1803 930 2167 1008 Confer-va
2217 934 2627 1009 hormoides
2678 934 2848 1008 Are
2865 933 3034 1008 sch.
3089 933 3254 1030 Aly.
3314 933 3578 1007 Scand.
3632 958 3766 1006 em.
3830 960 3903 1005 n.
3958 930 4121 1006 186.

1621 1067 1929 1166 Propter
1999 1090 2339 1164 magnam
2410 1068 2612 1143 illam
2692 1068 3142 1143 Homnae-iae
3187 1069 3750 1169 penicillzformis
3826 1077 3900 1141 et
3971 1067 4185 1164 hujus
4278 1065 4688 1164 Uronporae

1420 1188 1762 1262 mirabilis
1843 1186 2413 1279 similitudinem,
2476 1186 2853 1282 conjicere
2930 1186 3286 1262 voluimus
3340 1207 3881 1284 saepenumero,
3935 1191 4308 1282 utramque
4363 1182 4678 1258 eandem

1421 1329 1587 1381 8888
1640 1304 1977 1404 8118818111.
2083 1304 2162 1382 Si
2216 1313 2449 1380 autem
2502 1305 2671 1380 talis
2746 1306 3162 1402 conjectura
3232 1328 3585 1380 concessa
3641 1304 3886 1394 fuerit,
3939 1327 4069 1401 pro
4125 1313 4322 1378 certo
4374 1301 4681 1376 demon-

1422 1424 1680 1499 strabit
1757 1424 2109 1521 quispiam
2128 1482 2144 1513 ‚
2229 1431 2353 1497 aut
2426 1432 2765 1521 utrasque
2847 1423 3298 1498 Homisciae
3362 1423 3924 1522 penicillisormis
4000 1445 4418 1519 zoosporas,
4485 1443 4679 1517 quas

1422 1543 1954 1640 descripsimus,
2010 1542 2206 1618 solas
2260 1565 2425 1617 esse
2476 1542 3097 1639 microzoosporas
3153 1542 3302 1637 (cui
3352 1549 3713 1638 repugnat
3762 1551 4095 1638 prompta
4143 1561 4680 1636 megazoospo-

1418 1683 1655 1737 rarum
1707 1685 1753 1735 a
1805 1662 2013 1736 nobis
2049 1661 2212 1735 visa
2246 1659 2741 1760 germinatio),
2781 1669 2904 1734 aut
2938 1668 3083 1734 tum
3123 1660 3572 1733 Homisciae
3600 1661 4155 1760 penicilliformis
4189 1667 4483 1734 nostrae
4516 1665 4679 1729 tum

1435 1781 1828 1878 Urosporae
1861 1802 2499 1876 megazoosporas,
2556 1785 2894 1874 utrasque
2931 1780 3440 1874 germinantes,
3476 1776 3742 1876 duplex
3769 1799 3934 1850 esse
3959 1778 4171 1852 unius
4199 1776 4680 1872 ejusdemque

1420 1898 1694 1996 speciei
1752 1921 2482 1995 megazoosporarum
2534 1919 2786 1992 genus,
2869 1896 3060 1993 quod
3123 1896 3247 1970 vix
3296 1895 3369 1968 in
3423 1905 3679 1969 natura
3731 1896 4042 1970 existere
4091 1906 4346 1995 potest.
4453 1892 4674 1987 Quae

1423 2019 1663 2093 omnia
1711 2040 1870 2092 cum
1923 2018 2413 2092 demonstrare
2465 2039 2608 2090 non
2659 2015 3118 2112 potuerimus,
3178 2024 3553 2109 utramque
3606 2013 3927 2110 plantam
3981 2039 4121 2090 non
4159 2015 4373 2091 modo
4427 2015 4673 2112 speci-

1418 2136 1577 2228 fice,
1630 2159 1878 2210 verum
1923 2135 2135 2209 etiam
2193 2135 2532 2230 generice
2588 2134 2948 2208 diversam
3000 2132 3459 2209 considerare
3515 2134 3859 2229 cogimur.

2402 2478 2471 2548 4.
2581 2471 3129 2550 CONFERVA
3181 2480 3382 2548 arcta
3425 2472 3668 2546 Dillw.

1625 2679 2095 2775 Quamquam
2128 2700 2311 2773 quae
2361 2677 2499 2751 hac
2553 2676 2629 2751 in
2678 2676 2927 2774 planta
2977 2702 3162 2753 anno
3222 2681 3415 2753 1862
3472 2678 4031 2770 observavimus,
4085 2701 4229 2753 non
4279 2690 4427 2756 tam
4467 2702 4670 2755 com·

1416 2799 1616 2897 pleta
1669 2804 1835 2872 sunt
1886 2804 2098 2893 atque
2151 2796 2502 2891 absoluta,
2585 2807 2664 2869 ut
2715 2819 2808 2869 ex
2858 2796 2950 2870 iis
3001 2796 3177 2871 fluat
3225 2797 3550 2893 perfecta
3602 2798 3760 2892 ejus
3815 2798 4153 2892 cognitiO,
4208 2807 4447 2873 tamen
4500 2822 4674 2875 cum

1419 2917 1676 3010 omnia,
1758 2936 1942 3012 quae
2018 2914 2094 2988 in
2168 2936 2260 2988 88
2334 2914 2662 3006 vidimus,
2743 2914 2888 2989 sint
2947 2939 3244 3013 prorsus
3296 2915 3716 3010 singularia,
3781 2916 4322 2991 observationes
4373 2926 4670 2993 nostras

1420 3036 1721 3110 aliorum
1763 3033 2039 3130 judicio
2093 3033 2511 3108 submittere
2564 3033 2912 3107 volumus.

1624 3151 1910 3230 Crescit
1959 3150 2053 3224 ad
2104 3160 2324 3226 totam
2375 3153 2525 3226 fere
2579 3151 3108 3228 Scandinaviae
3165 3174 3367 3226 oram
3441 3152 3992 3246 occidentalem,
4062 3178 4109 3229 8
4151 3154 4336 3228 freto
4387 3154 4661 3230 baltico

1416 3297 1644 3371 usque
1724 3273 1795 3346 in
1874 3269 2057 3346 fines
2134 3270 2602 3346 Fiumarkiae
2678 3272 2984 3365 ultimos,
3065 3272 3382 3369 scopulis
3462 3273 3802 3369 saxisque
3852 3273 4042 3349 intra
4091 3273 4530 3369 superiorem
4585 3282 4668 3348 et

1417 3392 1824 3467 inferiorem
1910 3391 2131 3463 maris
2208 3390 2503 3464 limitem
2588 3389 2875 3464 adnata.
2977 3390 3060 3463 In
3112 3390 3434 3465 Bahusia
3510 3415 3700 3486 aqua
3772 3392 4197 3488 saepissime
4251 3392 4660 3486 inundatur,

1416 3512 1490 3585 in
1541 3509 1932 3605 Norvegia,
1990 3507 2370 3583 recedente
2421 3509 2621 3602 mari,
2678 3511 2968 3605 saepius
3005 3507 3368 3584 denudata
3403 3512 3510 3610 ²⁴).
3600 3510 3837 3607 Hujus
3874 3510 4147 3608 speciei
4180 3513 4431 3605 forma,
4469 3534 4661 3608 quae

1430 3631 1626 3732 Cous.
1678 3629 2328 3727 vauclzeriaq‘ormis
2379 3629 2518 3724 Ag.
2576 3652 2621 3702 8
2673 3629 2881 3702 nobis
2932 3627 3180 3702 habita
3227 3638 3340 3702 est
3376 3630 3494 3729 ²⁶),
3549 3628 3904 3703 invenitur
3957 3629 4034 3702 in
4083 3628 4382 3703 sinubus
4416 3630 4660 3724 magis

1419 3773 1466 3823 a
1517 3749 1697 3822 mari
1751 3748 2076 3836 seclusis,
2158 3770 2266 3821 ex.
2323 3770 2431 3842 gr.
2483 3745 2579 3837 ad
2631 3745 3201 3821 Fiskebackskil
3280 3755 3354 3820 et
3418 3747 3491 3820 in
3569 3757 3779 3844 portu
3832 3747 4370 3840 Marestrandii,
4437 3747 4657 3843 paulo

1416 3864 1835 3965 profundius
1911 3867 1985 3939 in
2064 3889 2252 3962 aqua
2329 3888 2666 3941 crescens
2704 3865 2811 3966 ²⁶).
2911 3863 3075 3937 Hac
3135 3864 3210 3938 in
3277 3865 3526 3957 forma,
3603 3888 3734 3961 per
3802 3864 4252 3941 hebdomatis
4308 3866 4655 3961 spatium,

1416 3987 1603 4060 ultra
1673 3983 1862 4080 quod
1940 3994 2226 4058 nostras
2307 3984 2720 4059 continuare
2794 3983 3335 4057 observationes
3396 3983 3586 4057 haud
3634 3984 3862 4067 licuit,
3941 3984 4248 4059 vidimus
4302 4008 4409 4078 ea,
4469 4006 4658 4080 quae

1416 4128 1605 4178 nunc
1653 4102 2164 4177 enarrabimus,
2268 4088 2597 4199 Utraque
2649 4103 2877 4175 forma
2929 4101 3002 4174 in
3054 4102 3222 4196 Alg.
3275 4102 3533 4179 Scand.
3591 4126 3739 4177 cxs.
3769 4127 3835 4176 11.
3880 4105 4020 4176 129
4078 4102 4457 4176 distributa
4508 4114 4656 4198 est,

1416 4222 1546 4296 illa
1597 4221 2037 4313 inferiorem,
2116 4222 2297 4296 haec
2365 4222 2801 4319 superiorem
2858 4221 2929 4293 in
2979 4219 3151 4293 folio
3209 4220 3442 4293 locum
3495 4229 3765 4295 tenens,
3874 4220 4133 4318 Specie
4187 4223 4478 4319 saepius
4532 4221 4660 4296 de-

1418 4341 1708 4439 scripta,
1765 4362 1999 4436 pauca
2045 4339 2531 4414 tantummodo
2587 4338 2677 4412 de
2738 4341 2895 4435 ejus
2949 4345 3303 4412 structura
3354 4339 3739 4413 observare
3794 4340 3980 4413 licet.

1622 4456 2055 4533 Cellularum
2138 4464 2300 4549 (sev
2353 4457 2837 4557 articulorum)
2917 4455 3289 4551 longitudo
3353 4456 3558 4531 varia
3622 4465 3753 4530 est.
3856 4459 4245 4535 Inferiores
4303 4460 4656 4536 diametro

1416 4601 1601 4652 nunc
1657 4578 1826 4674 21110
1877 4577 2266 4672 longiores,
2321 4600 2505 4658 nunc
2558 4575 2768 4671 triplo
2821 4576 3218 4667 breviores3
3297 4576 3707 4672 superiores
3760 4587 3832 4650 et
3880 4600 4258 4675 supremae
4301 4580 4654 4660 diametro

1414 4718 1641 4793 usque
1699 4695 1865 4791 8plo
1916 4695 2304 4803 longiores.
2382 4694 2497 4768 Ita
2547 4694 2683 4767 hac
2735 4693 2808 4767 111
2860 4694 3110 4791 11181118
3160 4703 3499 4791 tempore,
3545 4718 3705 4791 quo,
3746 4696 4198 4773 continuante
4237 4701 4650 4777 cellularum

1417 4813 1789 4904 divisione,
1846 4836 2169 4887 crescere
2221 4813 2476 4927 pergit.
2581 4812 2930 4908 Denique,
3012 4813 3427 4887 cellularum
3507 4812 3857 4887 divisione
3922 4816 4357 4914 plantaeque
4407 4821 4654 4895 evolu-

1586 5066 1697 5151 24)
1745 5066 1874 5133 cfr.
1918 5066 2118 5153 Phyc.
2163 5063 2400 5133 Scand.
2447 5085 2603 5129 mar.
2651 5085 2713 5149 p.
2758 5066 2904 5130 200.

1587 5194 1698 5278 25)
1746 5194 1874 5260 cfr.
1920 5194 2122 5280 Phyc.
2168 5190 2406 5259 Scand.
2455 5212 2612 5258 mar.
2656 5213 2718 5277 p.
2764 5192 2910 5256 200.

1587 5318 1699 5403 26)
1745 5319 1923 5386 Haec
1970 5339 2225 5405 semper
2272 5316 2511 5383 munda
2556 5326 2675 5384 est.
2765 5318 3001 5383 Forma
3031 5325 3242 5383 autem
3273 5317 3579 5402 primaria
3611 5318 3790 5401 prole
3825 5320 4030 5405 Mytili
4055 5322 4250 5386 edulio
4281 5320 4653 5406 plerumque

1416 5419 1754 5486 infestatur
1797 5422 1905 5505 ita,
1956 5428 2024 5486 ut
2072 5422 2179 5487 vix
2225 5420 2351 5485 11181
2395 5420 2725 5486 rarissime
2770 5440 3002 5505 sporas
3046 5420 3435 5505 progignere
3476 5440 3674 5505 posse
3717 5420 4029 5487 videatur.
