5107 6540
1584 564 1678 640 10
2670 527 2742 605 J.
2796 531 2884 606 E.
2936 531 3433 630 Ammonem,

1479 786 1653 841 num
1699 770 1949 840 nostra
1996 762 2142 838 sint
2189 759 2634 859 corpuscula,
2689 756 2931 834 dicere
2976 779 3119 831 non
3165 753 3533 831 audemus.
3613 752 3894 830 Harum
3946 750 4407 849 ”sperarum’'
4459 758 4538 826 et
4567 772 4749 830 eos·-

1480 882 1965 981 pusculorum,
2046 901 2231 976 quae
2303 874 2872 969 memoravimus,
2953 871 3375 971 magnitudo
3452 874 3606 948 fere
3685 878 3799 950 est
3871 867 4150 945 eadem.
4268 865 4746 966 Corpuscula

1483 1010 1749 1096 autem,
1802 1008 1881 1074 ut
1930 999 2099 1074 illae
2151 995 2521 1095 ’'sperae'’,
2575 994 2650 1069 in
2701 992 2982 1076 cellulis
3032 1015 3174 1068 non
3227 1013 3515 1088 semper
3566 997 3733 1066 sunt
3783 987 4126 1079 solitaria,
4184 984 4318 1064 sed
4362 986 4743 1068 divisione

1485 1117 1791 1216 denique
1839 1117 2067 1216 plura,
2096 1137 2279 1201 nec,
2330 1121 2669 1211 quantum
2717 1111 3054 1204 vidimus,
3101 1110 3520 1186 membrana
3569 1108 3894 1184 cellum-i
3944 1104 4404 1182 circumdata.

2034 1421 2103 1494 2.
2210 1415 2756 1494 CONFERVA
2805 1424 3069 1492 zonata
3116 1414 3286 1511 Alg.
3341 1411 3601 1490 Scand.
3657 1435 3807 1487 exs.
3861 1436 3929 1486 n.
3989 1414 4155 1487 184.

1684 1618 1958 1715 Magna
2019 1618 2401 1718 Confer-vae
2448 1615 2784 1714 spaciosae
2834 1620 2908 1687 et
2968 1612 3171 1709 Cous.
3221 1624 3515 1685 tenutas
3563 1608 4028 1684 similitudine
4077 1630 4455 1706 perpensa,
4508 1608 4744 1705 hujus

1485 1757 1768 1836 quoque
1843 1735 2116 1834 speciei
2178 1755 2572 1830 zoosporae
2624 1729 3040 1827 diligentius
3090 1730 3503 1828 perquirere
3554 1728 3765 1803 nobis
3815 1727 4338 1826 proposuimus.
4441 1727 4734 1824 Itaque,

1486 1877 1914 1952 quamquam
1992 1851 2548 1950 praeclarissimi
2623 1850 2793 1944 viri,
2875 1846 3028 1924 Cel.
3079 1847 3326 1923 Braun
3366 1847 3453 1950 ¹⁸)
3532 1855 3608 1921 et
3682 1845 3961 1920 'l'huret
3994 1845 4081 1948 ³⁰)
4157 1845 4296 1919 hac
4344 1845 4421 1919 in
4471 1845 4736 1943 specie

1485 1995 1702 2049 unum
1750 1970 2234 2047 tantummodo
2292 1991 2524 2066 genus
2560 1987 3103 2064 zoosporarum,
3161 1974 3495 2062 quattuor
3529 1963 3718 2038 ciliis
3749 1964 4163 2038 vibratoriis
4196 1964 4735 2058 instructarum,

1483 2099 1979 2184 memorarunt,
2031 2089 2149 2164 die
2186 2092 2281 2164 26
2318 2086 2632 2183 Augusti
2682 2086 2757 2159 in
2801 2106 2977 2158 vase
3009 2084 3380 2182 posuimus
3415 2083 3758 2179 plantam,
3795 2104 3936 2178 quo
3974 2082 4274 2157 alterum
4308 2081 4732 2157 videremus

1484 2230 1995 2306 zoosporarum
2046 2229 2298 2303 genus.
2415 2203 2578 2298 Quo
2655 2204 2848 2277 facto
2932 2201 3184 2277 eodem
3251 2205 3410 2300 jam
3474 2201 3591 2275 die
3642 2221 3914 2295 magna
3960 2200 4128 2274 visa
4176 2209 4291 2274 est
4340 2200 4733 2275 multitudo

1485 2349 2023 2426 zoosporarum,
2078 2326 2193 2399 vel
2245 2325 2319 2398 in
2371 2344 2564 2419 aqua
2612 2322 3002 2396 natantium
3060 2322 3180 2396 vel
3232 2319 3328 2395 ad
3377 2321 3569 2395 latus
3622 2318 3819 2393 vasis
3871 2318 4329 2392 collectam
4345 2376 4363 2408 ,
4418 2341 4732 2415 quarum

1487 2445 1676 2520 aliae
1750 2446 2034 2520 fuerunt
2107 2444 2439 2539 majores,
2510 2441 2700 2514 aliae
2763 2447 2998 2514 autem
3074 2439 3408 2514 minores.
3511 2438 3597 2513 In
3646 2437 3762 2511 his
3816 2434 3955 2509 duo
4008 2436 4499 2511 tantummodo
4551 2437 4736 2513 cilia

1484 2564 1893 2655 vibratoria,
1946 2586 2079 2638 nec
2130 2562 2355 2660 plura,
2434 2557 2761 2652 vidimus,
2830 2555 3019 2631 unde
3072 2579 3202 2631 eas
3252 2556 3874 2654 microzoosporas
3927 2576 4095 2629 esse
4146 2555 4474 2629 dubitare
4523 2556 4729 2631 haud

1484 2681 1704 2756 licuit.
1807 2679 2067 2757 Utrum
2117 2680 2191 2754 in
2245 2677 2551 2773 singulis
2620 2699 2714 2751 an
2779 2676 2856 2748 in
2907 2673 3162 2748 eodem
3213 2673 3336 2748 filo
3389 2696 3550 2748 cum
3603 2673 3994 2768 majoribus
4045 2673 4396 2747 formatae
4450 2682 4723 2763 essent,

1486 2823 1647 2876 cum
1697 2799 1953 2874 incerti
2001 2798 2280 2891 fuimus,
2358 2795 2521 2869 visa
2583 2801 2752 2869 sunt
2801 2791 3055 2868 eodem
3108 2791 3225 2866 die
3276 2792 3418 2867 duo
3468 2791 3613 2884 fila,
3668 2813 3964 2887 quorum
4015 2792 4092 2864 in
4142 2799 4442 2887 utroque
4491 2793 4731 2888 longa

1488 2917 2062 3015 conspiciebatur
2114 2913 2342 2988 series
2393 2913 2808 2987 cellularum
2823 2970 2840 3003 ‚
2897 2911 3273 3008 zoosporis
3306 2912 3458 2985 fere
3492 2909 3791 2984 maturis
3826 2911 4265 2984 refertarmn.
4369 2911 4455 2985 In
4491 2910 4732 2986 altero

1487 3038 1612 3113 filo
1663 3055 2060 3131 zoosporae
2111 3033 2425 3128 majores
2486 3038 2562 3105 et
2617 3032 3015 3127 pauciores,
3072 3029 3242 3132 (tab.
3294 3029 3388 3104 H.
3443 3030 3491 3103 f.
3535 3030 3648 3125 1),
3701 3027 3778 3101 in
3830 3028 4056 3103 altero
4108 3034 4357 3102 contra
4405 3029 4732 3105 minores

1488 3163 1564 3231 et
1612 3152 2137 3229 numerosiores
2192 3149 2365 3252 (tab.
2416 3149 2509 3223 Π.
2563 3150 2610 3222 f.
2649 3151 2728 3250 4)
2778 3150 3090 3243 fuerunt,
3142 3146 3334 3222 unde
3382 3146 3549 3221 illas
3600 3167 4235 3244 megazoosporas‚
4289 3146 4423 3221 has
4467 3148 4732 3223 micro-

1489 3293 1883 3371 zoosporas
1934 3269 2330 3345 habuimus.
2431 3267 2517 3342 In
2571 3290 2710 3364 quo
2761 3291 2904 3342 non
2957 3266 3369 3357 erravimus,
3422 3289 3590 3341 nam
3641 3265 3855 3363 paulo
3891 3274 4059 3362 post
4092 3277 4431 3362 utrasque
4466 3266 4730 3342 eodem

1489 3394 1705 3492 plane
1762 3389 2103 3486 temporis
2154 3394 2512 3461 momento
2566 3409 2657 3460 ex
2710 3385 2988 3461 cellulis
3039 3386 3193 3460 suis
3244 3385 3659 3459 matricibus
3708 3384 4028 3482 protrudi
4080 3384 4411 3459 vidimus.

1693 3509 2290 3608 Meyazoosporae.
2390 3505 2477 3578 In
2529 3505 2808 3580 cellulis
2861 3502 3207 3578 diametro
3260 3502 3363 3577 fili
3416 3503 3587 3601 2plo
3638 3503 4087 3578 brevioribus
4139 3504 4183 3578 l.
4235 3502 4424 3578 idem
4464 3504 4726 3579 subae-

1491 3629 1893 3726 quantibus,
1946 3646 2240 3701 numero
2291 3627 2373 3718 4,
2431 3625 2510 3715 8,
2571 3626 2663 3696 16
2720 3624 3159 3698 evolvuntur.
3265 3620 3448 3697 Cum
3501 3629 3819 3696 maturae
3871 3629 4063 3715 sunt,
4134 3622 4208 3696 in
4261 3622 4522 3696 cellula
4570 3647 4730 3697 ma·
4777 3668 4782 3671 -

1488 3747 1669 3822 trice
1718 3747 2062 3820 formatur
2114 3741 2444 3818 ostiolum
2496 3739 2883 3836 poriforme
2938 3742 3109 3843 (tab.
3148 3740 3240 3815 IL
3289 3742 3337 3815 f.
3380 3744 3416 3813 1
3450 3740 3554 3841 a),
3606 3762 3740 3838 per
3775 3739 3964 3836 quod
4000 3738 4481 3835 exn-uduntur,
4534 3741 4732 3815 intra

1488 3863 1978 3939 indumentum
2016 3860 2515 3958 gelatinosum‚
2552 3860 3172 3934 membraniforme
3206 3860 3280 3933 in
3314 3858 3606 3954 globum
3643 3858 4110 3954 glomeratae.
4165 3856 4450 3934 Globus
4477 3882 4730 3935 earnm

1492 3990 1700 4058 extra
1748 3980 2077 4055 cellulam
2129 3986 2459 4052 extrusus
2536 3977 2834 4051 formam
2897 3985 3274 4076 recuperat
3347 3975 3959 4072 subspbaericam.
4062 3974 4225 4068 Quo
4275 3978 4467 4052 facto
4518 3977 4726 4053 indu-

1490 4108 1808 4175 mentum
1863 4098 2163 4174 solvitur
2214 4104 2289 4170 et
2336 4117 2976 4193 megazoosporae‚
3056 4117 3243 4192 quae
3308 4096 3463 4192 jam
3531 4094 3719 4167 intra
3768 4093 3943 4168 illud
3998 4118 4082 4169 se
4133 4117 4421 4170 movere
4473 4097 4729 4194 incipi-

1489 4226 1647 4304 unt,
1696 4215 1929 4311 mod0,
1983 4237 2122 4312 quo
2175 4214 2411 4290 solent
2461 4235 2881 4312 zoosporae,
2936 4215 3009 4287 in
3062 4236 3249 4309 aqua
3299 4220 3754 4310 sparguntur.
3842 4212 3941 4290 Se
3993 4235 4283 4287 movere
4339 4236 4498 4288 cum
4547 4216 4726 4290 inci-

1489 4336 1721 4435 piunt,
1775 4354 2390 4430 megazoosporae
2442 4338 2613 4405 sunt
2659 4331 2813 4406 fere
2864 4332 3218 4428 globosae
3257 4331 3371 4404 vel
3409 4330 4080 4427 sphaerico-ovatae
4107 4332 4224 4433 ¹¹),
4279 4334 4732 4409 extremitate

1667 4589 1779 4670 19)
1823 4588 1948 4653 Die
1989 4584 2408 4672 Verjssngung
2454 4580 2520 4647 in
2569 4581 2686 4648 der
2727 4583 2930 4649 Natur
2971 4604 3036 4669 p.
3083 4582 3225 4649 158.

1661 4713 1773 4796 20)
1817 4709 2091 4791 Thuret‚
2139 4705 2550 4772 Rechetches
2596 4725 2707 4771 sur
2748 4706 2846 4772 les
2892 4725 3236 4792 zoospotes
3281 4726 3343 4791 p.
3394 4706 3491 4772 13.

1662 4838 1776 4924 21)
1818 4836 1999 4903 Haec
2041 4854 2260 4901 earum
2303 4837 2505 4900 forma
2566 4835 2633 4900 in
2703 4840 2922 4900 nostra
2988 4835 3228 4919 planta,
3298 4832 3525 4900 eodem
3591 4833 3732 4899 loco
3798 4834 4040 4918 pluries
4094 4834 4280 4917 lecta,
4328 4841 4429 4899 est
4472 4852 4734 4919 semper

1491 4941 1740 5009 eadem.
1828 4938 1963 5007 Cel.
2006 4938 2221 5004 Braun
2266 4955 2809 5021 megazoosporas
2856 4938 3029 5023 Conf.
3074 4950 3328 5004 zonatae
3370 4935 4026 5021 elongato-ovoideas‚
4076 4936 4481 5002 extremitate
4533 4955 4726 5020 supe·

1493 5043 1662 5110 riore
1707 5042 1969 5129 hyalina
2021 5039 2368 5126 descripsit
2408 5039 2564 5126 (Die
2606 5039 3026 5125 Verjungung
3064 5060 3131 5125 p.
3180 5040 3348 5125 139).
3437 5037 3732 5104 Eandem
3775 5041 4030 5106 omnino
4074 5058 4728 5124 megazoosporarum

1492 5146 1757 5213 sormam
1800 5142 2074 5210 vidimus
2118 5143 2183 5208 in
2228 5144 2357 5209 alia
2403 5142 2702 5228 Corfferva
2742 5156 2983 5221 zonam,
3039 5143 3102 5209 in
3150 5162 3337 5208 amne
3389 5141 3698 5226 Baga-fin
3744 5161 3945 5228 prope
3987 5143 4325 5228 Upsaliam
4374 5150 4730 5208 crescente.

1494 5247 1677 5327 Quae
1720 5246 1827 5312 hic
1868 5245 2247 5313 describitur
2285 5245 2510 5331 planta
2550 5246 2817 5311 inventa
2859 5255 2962 5312 est
3001 5247 3068 5313 in
3112 5245 3288 5312 fonte
3334 5245 3920 5330 Hospitals-kallan
3951 5264 4150 5331 prope
4176 5246 4513 5331 Upsaliam
4543 5252 4608 5310 et
4639 5243 4732 5310 ad

1492 5350 1708 5418 littora
1751 5350 1933 5415 lacus
1975 5348 2301 5414 Maelaren
2346 5367 2545 5434 prope
2590 5348 2988 5417 Wflrdsatra.
