5107 6540
1622 585 1716 661 12
2711 566 2782 644 J.
2835 568 2923 643 E.
2977 568 3472 665 Aanscnoue,

1518 787 1594 862 in
1646 807 1836 883 aqua
1886 792 2336 881 sparguntur.
2439 779 3034 877 Megazoosporis
3098 780 3252 857 fere
3297 779 3577 856 similes
3631 786 3824 873 sunt,
3906 778 4334 876 sphaericae
4381 790 4506 859 aut
4556 782 4752 859 ovoi-

1520 904 1722 980 deae.
1822 899 2236 997 Longitudo
2317 902 2615 1000 6}--10
2693 898 3023 973 Mimo-“¹¹-
3076 906 3149 973 et
3223 897 3522 973 latitudo
3601 899 3701 998 6-2-
3758 897 4064 999 Miorow
4142 899 4188 973 l.
4241 922 4490 997 parum
4544 900 4751 975 infra.

1521 1021 1862 1120 Superior
1939 1043 2182 1094 earum
2258 1018 2673 1095 extremitas
2747 1017 3042 1114 hyalina
3105 1024 3178 1090 et
3229 1015 3508 1092 duobus
3557 1015 3748 1091 ciliis
3799 1015 4226 1110 vibratoriis,
4279 1017 4446 1114 ipsa
4494 1018 4753 1093 micro·

1518 1163 1875 1238 zoospora
1926 1141 2147 1236 saepe
2198 1137 2411 1234 triplo
2461 1135 2930 1231 longioribus,
2984 1142 3255 1209 ornata.
3343 1127 3879 1231 Sporoplasma,
3915 1134 4100 1209 utin
4133 1135 4748 1233 megazoosporis‚

1520 1260 1845 1357 granulis
1896 1259 2111 1355 paulo
2164 1255 2577 1351 majoribus,
2649 1263 2723 1328 et
2772 1252 3152 1349 granulum
3202 1252 3377 1328 illud
3429 1253 3951 1328 rubro-fuscum
4005 1255 4156 1329 fere
4208 1253 4444 1329 medio
4495 1253 4752 1335 micro-
4791 1315 4800 1323 .

1519 1397 1919 1475 zoosporae
2002 1375 2256 1473 parieti
2331 1372 2652 1448 interiori
2715 1371 3052 1447 adnatum
3105 1380 3218 1446 est
3268 1372 3442 1463 (tab.
3478 1370 3569 1445 Π.
3624 1371 3672 1444 f.
3711 1374 3814 1465 5).
3916 1371 4080 1455 Has
4130 1372 4754 1469 microzoosporas

1520 1495 1925 1593 germinare
2002 1516 2360 1589 nunquam
2436 1490 2763 1564 vidimus.
2872 1489 3078 1581 Quae
3128 1490 3247 1563 vel
3299 1490 3495 1565 vasis
3544 1489 3757 1565 lateri
3812 1489 4122 1565 adnatae
4171 1492 4456 1566 fuerunt
4504 1491 4628 1564 vel
4676 1490 4754 1567 in

1520 1638 1711 1711 aqua
1759 1613 2144 1695 fluxerunt,
2199 1633 2331 1684 eae
2382 1631 2629 1684 omnes
2681 1617 2848 1704 post
2898 1609 3171 1704 aliquot
3221 1608 3378 1683 dies
3431 1616 3599 1684 sunt
3649 1606 4067 1684 dissolutae.

1658 1738 1661 1739 ’
1721 1732 1863 1808 His
1914 1730 2046 1805 rite
2095 1717 2492 1827 perpensis,
2549 1735 2918 1822 utramque
2970 1728 3289 1823 plantam
3340 1727 3831 1803 collocandam
3882 1750 4049 1803 esse
4084 1729 4157 1803 in
4194 1750 4487 1824 genere,
4543 1728 4755 1823 cujus

1518 1859 1729 1927 notas
1780 1873 1966 1924 nunc
2014 1868 2414 1944 proponere
2466 1845 2901 1938 conabimur,
2958 1845 3079 1920 vix
3131 1845 3594 1921 dubitandum
3647 1852 3789 1920 est:

2116 2253 2836 2337 Hormiscia
2918 2249 3204 2325 Fr.·F1.
3261 2251 3473 2328 Scan.
3527 2274 3597 2349 p.
3655 2254 3800 2325 327
3859 2254 4150 2348 (1835).

2384 2438 2779 2513 Ulothricis
2834 2447 2906 2512 et
2954 2437 3439 2514 Hormotrichi
3495 2462 3601 2534 sp.
3656 2436 3876 2512 Kntz.

1735 2644 1941 2717 Char.
1970 2668 2126 2740 qen.
2204 2642 2371 2717 Fila
2421 2665 2511 2715 ex
2561 2641 2773 2716 unica
2826 2641 3235 2716 cellularum
3273 2643 3459 2716 serie
3497 2650 3919 2734 constructa,
3977 2639 4333 2738 simplicia
4367 2651 4472 2733 (et
4507 2643 4754 2741 spurie

1520 2778 1905 2880 ramosaP).
1984 2777 2307 2853 Cellulae
2359 2778 2661 2874 primum
2697 2778 3086 2873 longiores,
3136 2777 3394 2852 deinde
3430 2778 3690 2853 iterata
3724 2777 4077 2852 divisione
4104 2779 4493 2873 breviores,
4533 2780 4760 2877 cytio·

1520 2916 1875 3013 plasmate
1926 2912 2158 3004 viridi,
2213 2915 2521 3010 granula
2571 2915 2943 3012 amylacea
2993 2911 3417 3007 includente,
3453 2914 3648 2989 intus
3673 2913 4000 2988 vestitae.
4053 2913 4616 3010 Propagationis
4644 2938 4757 2990 or-

1522 3073 1745 3146 gana:
1807 3050 1878 3152 1)
1926 3075 2490 3148 meqazoosporae
2540 3049 2984 3146 sphaericae,
3022 3046 3367 3122 ovoideae
3402 3047 3448 3122 l.
3486 3019 3888 3146 elongatae,
3925 3049 3996 3123 in
4028 3049 4396 3146 superiore
4424 3051 4761 3124 extremi-

1519 3192 1667 3258 tate
1696 3190 1744 3259 4
1771 3194 1895 3259 aut
1924 3189 1967 3260 2
1999 3186 2182 3261 ciliis
2210 3184 2640 3280 vibratoriis,
2667 3185 2738 3258 in
2766 3185 3102 3258 inferiore
3130 3183 3552 3259 rotundatas
3581 3191 3702 3259 aut
3729 3193 4013 3279 acutae3
4072 3185 4146 3288 2)
4177 3188 4763 3286 microzoosporae

1520 3322 1964 3417 sphaericae,
2022 3322 2390 3411 ovoideae‚
2460 3321 2865 3417 elongatae,
2924 3326 2968 3395 2
3024 3320 3209 3396 ciliis
3262 3320 3668 3396 vibratoriis
3725 3322 4057 3396 munitae.
4162 3322 4532 3419 Utraeque
4585 3347 4757 3398 zoo-

1519 3480 1779 3555 sporae
1856 3457 1930 3531 in
2012 3457 2320 3552 singulis
2397 3456 2539 3530 filis
2620 3457 2968 3548 evolutae,
3049 3480 3181 3554 per
3257 3456 3590 3530 ostiolum
3641 3457 4024 3554 poriforme
4078 3456 4378 3532 cellulae
4432 3461 4758 3534 matricis

1517 3592 1998 3667 extruduntur.
2078 3638 2181 3648 ——
2255 3593 2372 3668 De
2438 3600 2678 3668 cetero
2732 3593 3028 3690 gonidia
3080 3594 3153 3667 in
3205 3594 3453 3691 planta
3503 3593 3655 3667 fere
3709 3593 3907 3667 sicca
3958 3592 4312 3668 divisione
4365 3596 4762 3692 cytioplas-

1517 3729 1727 3802 matis
1779 3728 2192 3803 cellularum
2247 3737 2515 3803 exorta.

1902 3987 2314 4063 Hormiscia
2355 3988 2913 4087 penicillfformis
2967 3985 3207 4076 (Roth.
3266 3982 3424 4061 Cat.
3481 3987 3525 4058 3
3579 4009 3648 4081 p.
3706 3988 3909 4080 271).

1900 4167 2261 4244 Conferva
2311 4170 2877 4267 penicilliformis
2927 4172 3139 4247 Roth.
3194 4172 3240 4246 1.
3303 4196 3362 4245 c.
3526 4215 3530 4220 -

2013 4334 2115 4343 —
2302 4288 2709 4362 hormoides
2760 4289 3046 4386 Lyngb.
3101 4289 3330 4387 Hydr.
3389 4288 3730 4388 (maxima
3779 4313 3909 4385 pro
3963 4290 4219 4392 parte).

2013 4451 2114 4463 —
2302 4406 2634 4504 speciosa
2683 4407 2983 4482 Aresch.
3037 4407 3205 4503 Alg.
3263 4406 3520 4483 Scand.
3576 4431 3725 4480 exs.
3781 4431 3845 4480 n.
3908 4410 4068 4481 185.

1896 4523 2230 4600 Ulothrix
2298 4525 2860 4622 penicilliformis
2913 4525 2999 4598 A.
3053 4525 3313 4599 Braun.
3370 4525 3537 4621 Alg.
3593 4524 3869 4600 unicell.
3922 4549 3990 4621 p.
4048 4530 4165 4600 21.

1719 4669 1801 4743 In
1855 4669 2221 4765 superiore
2272 4691 2503 4764 aquae
2557 4669 2874 4743 marinae
2926 4669 3149 4742 limite
3199 4668 3293 4742 ad
3352 4690 3549 4743 oram
3602 4665 3907 4742 Sveciae
3942 4667 4488 4765 occidentalem,
4542 4695 4762 4768 prae-

1519 4788 1763 4862 sertim
1816 4797 2021 4861 extra
2072 4786 2640 4882 Gothoburgum.

1903 5057 2313 5132 Hormiscia
2362 5071 2616 5131 zonam
2670 5056 2911 5156 (Web.
2969 5054 3037 5129 ἃ
3087 5057 3346 5149 Mohr.)
3400 5055 3568 5153 Alg.
3624 5057 3883 5133 Scand.
3938 5082 4089 5134 exs.
4142 5083 4210 5132 n.
4273 5064 4432 5135 184.

1722 5241 1809 5315 In
1857 5241 2175 5339 lacubus,
2229 5244 2543 5319 fontibus
2597 5252 2670 5317 et
2716 5243 3062 5335 amnibus,
3125 5242 3318 5339 apud
3368 5265 3504 5315 nos
3555 5241 3746 5316 haud
3795 5266 3980 5316 rara.
4059 5243 4178 5318 De
4217 5247 4374 5340 eJus
4401 5245 4655 5319 formis
4685 5253 4762 5320 et

1520 5357 1610 5432 de
1667 5359 2002 5437 affinibus
2054 5363 2430 5459 speciebus
2480 5363 2623 5437 alio
2676 5370 3015 5457 tempore,
3071 5361 3136 5434 si
3187 5361 3335 5434 fors
3387 5361 3489 5433 ita
3540 5360 3795 5454 tulerit,
3850 5361 4075 5457 plura.
