5107 6540
1587 601 1685 676 22
2664 593 2736 670 J.
2790 595 2876 671 Ε.
2928 595 3428 686 Ant-,senona

1680 802 1752 875 3.
1828 798 2242 895 Zoosporae
2288 799 3153 898 snbelliptico-oblongae‚
3207 819 3300 872 ex
3350 797 3580 873 altera
3627 794 4078 872 extremitate
4129 792 4250 870 vel
4283 815 4377 868 ex
4411 800 4732 925 utraque

1484 924 1891 994 attenuatae
1942 915 2016 989 in
2066 924 2372 992 rostrum
2422 917 2813 1015 hyalinum,
2865 916 3077 992 modo
3109 918 3350 1010 breve,
3402 914 3618 991 modo
3664 911 4511 1010 longum‚granulisq11e
4545 908 4730 984 viti—

1476 1037 1711 1130 dibns‚
1760 1056 1947 1110 nunc
1997 1033 2387 1130 majoribus
2432 1033 2800 1130 denseque
2833 1035 3139 1132 stipatis,
3188 1057 3376 1110 nnnc
3401 1033 3792 1109 minoribns
3816 1032 4194 1127 minusque
4217 1028 4488 1121 densis,
4517 1028 4727 1101 intus

1480 1154 1784 1230 vestitae
1821 1152 1997 1244 (tab.
2023 1151 2152 1228 IV.
2188 1152 2233 1228 fi
2278 1154 2369 1226 12
2398 1153 2571 1250 ab).
2648 1151 3060 1248 Longitudo
3100 1154 3444 1254 lus—25
3479 1153 3744 1229 Micro'*
3748 1162 3787 1192 ¹¹
3813 1148 4211 1226 etlatitudo
4254 1149 4348 1249 7—2—
4381 1147 4704 1223 Nicro-⁸·
4703 1202 4730 1219 .

1480 1270 1700 1349 Circa
1749 1270 1917 1347 axin
1965 1277 2285 1345 rotantes
2336 1292 2469 1367 per
2516 1293 2779 1367 aquam
2828 1277 3096 1363 natant,
3147 1293 3337 1346 nunc
3387 1270 3890 1361 horizontales,
3945 1291 4132 1344 nnnc
4189 1278 4468 1364 partem
4505 1288 4726 1342 suan

1484 1389 1794 1464 anticam
1846 1389 1920 1463 in
1972 1411 2186 1464 cursu
2236 1387 2675 1464 circulariter
2723 1389 3107 1484 jactantes.
3206 1388 3524 1464 Numero
3571 1388 3648 1464 in
3695 1388 3998 1463 artieulo
4047 1387 4358 1483 quinque
4407 1385 4730 1459 fuerunt.

1478 1506 1651 1584 Alia
1704 1529 1989 1603 quoque
2063 1506 2295 1580 forma
2366 1505 2444 1580 in
2524 1505 2777 1580 eodem
2851 1505 3152 1580 arficulo
3207 1507 3382 1608 (tab.
3416 1506 3545 1582 IV.
3596 1508 3645 1582 f.
3685 1510 3815 1598 13)
3867 1506 4194 1581 solitaria
4235 1512 4352 1579 est
4400 1504 4727 1595 inventa,

1483 1648 1668 1722 quae
1718 1624 2091 1700 celerrime
2140 1631 2397 1700 natans
2445 1623 2723 1700 duabus
2775 1646 2867 1698 ex
2913 1624 3287 1721 zoosporis
3335 1625 3664 1701 connatis
3715 1634 3972 1700 exorta
4018 1647 4186 1700 esse
4219 1623 4434 1700 facile
4462 1622 4728 1698 habita

1480 1743 1775 1837 fuisset,
1827 1742 1969 1818 nisi
2026 1764 2567 1840 zoosporarnm‚
2641 1738 2738 1814 de
2795 1742 3052 1837 quibus
3102 1743 3485 1839 quaeritur,
3561 1766 3834 1840 magna
3884 1744 4201 1818 varietas
4249 1742 4436 1818 hanc
4485 1741 4729 1838 expli-

1478 1863 1836 1938 cationem
1884 1861 2207 1936 inutilem
2258 1857 2714 1935 reddidisset.

1682 2013 1828 2088 Die
1880 2015 1975 2087 2⁷
2029 2009 2230 2086 «Iunii
2279 2012 2355 2085 in
2402 2010 2648 2086 multis
2697 2010 2806 2084 fili
2858 2008 3227 2106 cujusdam
3282 2011 3562 2086 cellulis
3610 2010 3919 2085 vidimus
3968 2033 4367 2108 zoosporas
4401 2009 4726 2084 vivacis-

1482 2133 1665 2209 sime
1716 2153 1798 2206 se
1848 2138 2238 2204 moventes.
2340 2128 2425 2202 In
2476 2129 2740 2204 cellula
2785 2128 3093 2225 quadam
3162 2150 3410 2203 omnes
3459 2130 3744 2204 fuerunt
3791 2128 4118 2226 ejusdem
4169 2129 4444 2203 formae
4497 2137 4728 2225 atque

1482 2247 2019 2347 magnitudinis,
2073 2246 2442 2342 ovoideae,
2503 2248 2846 2347 12-}—15
2899 2246 3204 2320 Micro'¹·
3253 2246 3523 2342 longae
3569 2256 3643 2322 et
3677 2250 3928 2350 5—6}
3960 2247 4268 2323 Micror·
4321 2248 4517 2322 latae
4553 2249 4725 2339 (cfr.

1480 2369 1629 2444 tab.
1663 2365 1772 2443 IV
1775 2424 1791 2441 .
1840 2367 1888 2440 f.
1935 2368 2027 2439 10
2057 2365 2169 2466 a),
2222 2364 2297 2439 in
2349 2365 2495 2440 alia
2547 2373 2814 2459 antem,
2867 2364 2974 2438 illi
3020 2364 3342 2460 proxime
3387 2365 3643 2459 vicina,
3695 2375 3768 2440 et
3815 2366 4309 2464 magnitudine
4363 2375 4437 2439 et
4486 2367 4726 2440 forma

1482 2485 1694 2563 valde
1774 2485 1962 2558 inter
2036 2505 2118 2557 se
2196 2481 2605 2557 dissimiles.
2707 2482 2825 2556 Ex
2875 2483 2990 2557 his
3042 2483 3348 2558 vidimus
3401 2482 3583 2558 duas
3633 2486 3968 2581 maj0res‚
4047 2486 4384 2560 cornibus
4437 2484 4726 2559 duobus

1482 2604 1795 2680 munitas
1847 2603 2006 2695 (cfr.
2056 2601 2199 2676 tab.
2237 2599 2363 2676 IV.
2413 2601 2462 2674 f.
2505 2604 2652 2693 13),
2704 2610 2781 2676 et
2822 2600 3105 2675 unicam
3141 2601 3684 2699 subellipticam,
3740 2602 3966 2677 altera
3999 2604 4446 2678 extremitate
4478 2614 4726 2678 rostro

1480 2724 1703 2820 longo
1755 2719 2044 2814 munita,
2125 2719 2355 2793 altera
2415 2717 2798 2792 rotundata
2861 2720 3039 2817 (tab.
3075 2717 3184 2795 IV
3186 2776 3202 2793 .
3255 2720 3303 2793 f.
3346 2724 3496 2814 14).
3599 2720 3810 2796 Haec
3860 2744 4021 2796 cum
4072 2730 4356 2796 nataret
4406 2732 4726 2797 rostrum

1484 2842 1560 2916 in
1611 2862 1824 2915 cursu
1871 2836 2181 2911 anticum
2229 2837 2574 2934 portavit,
2643 2834 2923 2932 deinde,
2977 2838 3422 2912 extremitate
3474 2840 3633 2936 ejus
3688 2839 4069 2914 rotundata
4117 2841 4189 2915 in
4247 2843 4722 2939 protuberan-

1482 2961 1657 3034 tiam
1707 2955 2201 3033 corniformem
2252 2954 2555 3048 evoluta,
2605 2955 2793 3031 hanc
2843 2956 3158 3031 anticam
3218 2964 3666 3053 rostrumque
3701 2958 4054 3054 posticum
4090 2959 4262 3060 (tab.
4298 2959 4427 3036 IV.
4481 2963 4529 3036 f.
4567 2964 4721 3064 15).

1684 3108 1830 3185 Die
1891 3111 1985 3182 29
2041 3105 2240 3201 Junii
2289 3107 2652 3182 inventum
2706 3114 2820 3182 est
2861 3107 3077 3199 filum,
3131 3108 3336 3204 cujus
3394 3107 3469 3181 in
3522 3108 3801 3183 cellulis
3852 3110 4004 3184 fere
4043 3112 4369 3188 omnibus
4406 3114 4721 3191 vivacis-

1488 3229 1668 3306 sime
1720 3249 1802 3304 se
1850 3232 2221 3302 moverunt
2270 3247 2689 3324 zoosporae,
2771 3248 3020 3301 omnes
3086 3233 3253 3301 ante
3313 3235 3578 3301 motum
3632 3226 3988 3327 inceptum
4042 3230 4116 3305 in
4167 3230 4405 3308 media
4455 3234 4725 3309 cellula

1486 3350 1563 3425 in
1613 3347 1904 3446 globum
1953 3344 2478 3442 subellipticum
2524 3345 2986 3442 glomeratae.
3067 3342 3361 3443 Sparsis
3414 3346 3787 3444 zoosporis
3838 3347 3913 3421 in
3966 3348 4243 3440 cellula,
4297 3351 4372 3426 in
4422 3352 4562 3427 hac
4615 3355 4722 3428 vi-

1489 3468 1721 3543 dimus
1798 3462 2188 3538 vesiculam
2266 3461 2690 3549 solitariam,
2797 3485 2981 3559 quae
3060 3471 3275 3536 antea
3349 3464 3443 3538 ab
3522 3465 3898 3562 zoosporis
3975 3467 4449 3547 insidentibus
4527 3483 4724 3548 tecta

1486 3593 1671 3679 erat,
1752 3583 2036 3678 aliaque
2112 3580 2183 3655 in
2265 3579 2525 3655 cellula
2601 3579 2782 3657 duas
2831 3581 3192 3657 vesiculas
3242 3581 3566 3678 ejusdem
3615 3593 3915 3658 naturae
3950 3594 4163 3681 atque
4198 3587 4480 3666 indolis.
4567 3592 4723 3668 De-

1487 3703 1701 3800 nique
1751 3700 1825 3774 in
1877 3699 2023 3774 alia
2074 3697 2351 3792 cellula,
2429 3699 2505 3773 in
2573 3723 2717 3796 qua
2765 3700 2963 3774 nulla
3011 3699 3352 3796 vesicula,
3400 3700 3712 3774 vidimus
3770 3701 4103 3778 ostiolum
4154 3707 4537 3802 poriforme
4589 3711 4720 3786 mi-

1485 3819 1960 3902 nutissimum,
2041 3839 2182 3913 quo
2254 3839 2398 3891 non
2474 3817 2632 3892 sine
2711 3842 2933 3917 opera
3003 3826 3077 3892 et
3145 3819 3397 3892 labore
3470 3819 3854 3895 nonnullae
3905 3845 4302 3921 zoosporae
4355 3828 4718 3925 exierunt,

1488 3961 1785 4036 quarum
1855 3957 1999 4012 una
2066 3933 2366 4029 granulo
2419 3934 2567 4029 illo,
2646 3945 2725 4012 ut
2788 3939 2862 4013 in
2925 3938 3337 4011 How-miscio
3387 3950 3663 4022 zonam,
3739 3939 4191 4018 fusco-rubro
4245 3955 4497 4021 ornata
4547 3949 4718 4044 fuit,

1491 4055 1683 4155 quod
1732 4056 1809 4130 in
1860 4052 2119 4129 ceteris
2170 4074 2547 4148 nunquam.

1689 4207 1898 4285 Haec
1957 4213 2205 4280 nostra
2276 4203 2368 4278 de
2444 4204 2680 4302 sporis
2770 4205 3149 4307 oorffmae
3203 4211 3387 4287 Lim·
3459 4213 3777 4289 narratio
3837 4234 3980 4287 non
4041 4235 4130 4288 eo
4179 4218 4554 4315 proposita
4603 4230 4720 4296 est

1489 4327 1747 4421 animo,
1823 4331 1902 4399 ut
1947 4322 2115 4397 inde
2165 4322 2340 4398 fluat
2390 4323 2775 4420 perfectior
2825 4323 3036 4421 hujus
3088 4331 3359 4425 speciei
3411 4331 3749 4427 cognitio.
3850 4331 4041 4406 Nam
4091 4334 4331 4410 omnia
4380 4339 4538 4433 ejus
4590 4339 4717 4417 fila

1489 4442 1987 4542 aegrotavisse
2038 4441 2248 4518 nobis
2283 4449 2448 4516 sunt
2482 4441 2662 4516 visa.
2744 4439 2983 4519 Claris
3010 4454 3248 4524 autem
3274 4450 3625 4547 exemplis
3653 4450 3901 4525 testari
3929 4450 4303 4547 voluimus,
4339 4457 4719 4554 zoosporis

1488 4565 1735 4641 inesse
1802 4558 2157 4657 quandam
2220 4561 2493 4635 formae
2545 4583 2724 4635 suae
2775 4563 3159 4640 mutandae
3209 4567 3386 4662 vim,
3468 4577 3543 4643 et
3595 4568 3783 4642 hanc
3834 4591 4116 4664 quoque
4166 4570 4443 4648 formae
4497 4585 4722 4650 muta-

1489 4683 1787 4776 tionem,
1868 4700 2054 4777 quae
2125 4677 2608 4753 contractione
2661 4686 2733 4754 et
2781 4683 3220 4779 expansione
3273 4686 3594 4781 efficitur,
3648 4687 3877 4784 ipsius
3931 4696 4162 4763 motus
4218 4712 4382 4765 esse
4436 4693 4719 4769 mecha·

1490 4802 1816 4877 nismum.
1920 4796 2111 4874 Oilia
2168 4796 2357 4872 enim
2408 4797 2798 4873 vibratoria
2844 4799 2918 4874 in
2971 4801 3103 4895 his,
3155 4801 3245 4878 de
3297 4805 3553 4900 quibus
3607 4806 3989 4902 quaeritur,
4042 4807 4311 4905 plantis
4361 4832 4505 4884 non
4556 4834 4722 4887 esse

1491 4942 1788 5017 organa,
1841 4938 2135 5014 quorum
2187 4937 2324 5011 ope
2376 4924 2449 4990 et
2499 4939 2723 5014 opera
2773 4940 3170 5018 zoosporae
3224 4944 3305 4996 se
3357 4932 3645 4998 movent
3678 4929 3804 5022 ⁸⁶),
3857 4923 4070 4999 facile
4122 4935 4322 5024 patet
4360 4950 4455 5002 ex
4506 4953 4614 5027 ee,

1664 5292 1781 5376 35)
1827 5289 2012 5370 Quod
2055 5297 2273 5359 tamen
2312 5292 2495 5360 manti
2534 5292 2964 5361 erediderunt.
3052 5295 3178 5362 cfr.
3215 5294 3444 5375 saetas,
3490 5272 3853 5364 Handbuch
3884 5297 4001 5366 der
4028 5301 4504 5387 Experimental
4549 5302 4719 5389 Phy-

1496 5393 1765 5481 siologie
1810 5393 1926 5461 der
1968 5393 2295 5462 Pflanzen.
2382 5394 2653 5482 Leipzig
2701 5397 2886 5464 1865.
2931 5417 2997 5483 p.
3039 5399 3185 5465 460.
