5107 6540
1432 633 2062 715 OnsssnvAnouns
2110 632 2725 716 anco'Loochn.
3428 645 3530 719 23

609 835 675 904 1.
754 826 976 926 quod,
1056 849 1217 903 cum
1268 828 1342 902 in
1395 829 1702 925 quadam
1770 833 2114 934 conferva
2165 855 2564 933 zoosporae
2616 836 2938 934 ejusdem
2989 843 3281 936 generis
3323 844 3634 943 gig-nun..

399 957 533 1042 tur,
608 969 905 1045 quarum
982 947 1213 1022 altera
1287 967 1462 1045 pars
1539 950 1729 1026 ciliis
1793 950 2374 1048 distinctissimis,
2429 954 2661 1030 altera
2709 957 2922 1033 nullis
2966 958 3315 1038 instructa
3360 973 3474 1040 est
3505 966 3632 1065 ³⁸),

402 1089 800 1166 zoosporae
853 1073 1094 1140 tamen
1143 1066 1517 1163 utriusque
1567 1070 1805 1174 partis
1848 1091 1932 1145 se
1982 1079 2268 1146 movent
2318 1072 2571 1148 eadem
2620 1097 2915 1172 prorsus
2967 1079 3367 1178 celeritate3

611 1225 678 1297 2.
760 1217 950 1316 quod
1002 1218 1407 1294 immobiles
1446 1221 1699 1318 jacent
1773 1243 1995 1322 saepe
2073 1191 2489 1324 zoosporae,
2568 1249 2991 1324 quamquam
3046 1230 3214 1307 cilia
3264 1253 3399 1307 sua
3447 1232 3632 1306 cele-

404 1342 577 1417 riter
625 1344 946 1432 movent3
2920 1343 2930 1350 ’

607 1496 674 1567 3.
756 1488 977 1588 quod,
1057 1513 1217 1565 cum
1271 1512 1674 1588 zoosporae
1728 1493 2175 1569 extremitate
2224 1496 2593 1594 superiore
2645 1498 2950 1574 ciliifera
3001 1501 3074 1576 in
3126 1525 3338 1578 cursu
3389 1501 3631 1578 antica

403 1620 681 1704 natant,
737 1610 908 1684 cilia
957 1610 1271 1684 refracta
1319 1631 1723 1707 zoosporae
1774 1610 2057 1708 corpori
2108 1623 2305 1689 arcte
2357 1621 2521 1690 sunt
2567 1614 2937 1714 adpressa.

609 1760 816 1854 Quae
876 1784 1035 1836 cum
1092 1761 1194 1835 ita
1246 1761 1416 1855 sint,
1468 1784 1979 1859 zoosporarum
2032 1773 2294 1839 motum
2346 1765 2533 1842 ciliis
2568 1766 2713 1841 illis
2747 1767 3155 1845 vibratoriis
3188 1770 3377 1847 haud
3414 1773 3631 1869 efflei,

403 1880 615 1955 nobis
667 1901 1090 1978 persuasum
1145 1889 1274 1954 est.
1379 1880 1775 1956 Efficaciae
1828 1883 2049 1979 longe
2122 1883 2418 1979 majoris
2496 1894 2662 1960 sunt
2736 1885 2865 1960 illa
2914 1909 3421 1985 zoosporarum
3469 1914 3633 1967 con-

398 1999 659 2073 tractio
737 2007 952 2095 atque
1032 1998 1401 2096 expansio,
1482 2023 1779 2097 quarum
1860 2000 1933 2073 in
2013 2003 2385 2100 zoosporis
2438 2003 2817 2079 existentia
2874 2006 3130 2102 negari
3179 2030 3321 2082 non
3371 2018 3629 2106 potest.

400 2117 594 2192 Nam
649 2118 723 2191 in
791 2117 1146 2216 Urospora
1192 2119 1509 2191 mirabili
1553 2140 2188 2216 megazoosporae,
2239 2144 2398 2196 cum
2445 2144 2487 2196 e
2536 2121 2795 2196 cellula
2826 2123 3122 2197 matrice
3157 2124 3634 2223 egrediuntur,

400 2244 572 2311 sunt
624 2259 849 2334 saepe
886 2234 1700 2334 elliptico-obovoideae,
1757 2244 1829 2310 et
1863 2238 2086 2312 sectio
2123 2260 2364 2313 earum
2404 2241 2908 2317 transversalis
2946 2241 3385 2338 orbicularis,
3422 2244 3631 2339 quod,

400 2355 856 2430 extremitate
935 2378 1181 2429 earum
1257 2354 1626 2451 supen'ore
1680 2353 2011 2431 deorsum
2062 2379 2298 2452 versa,
2352 2358 2567 2433 facile
2619 2359 2940 2458 conspici
2990 2368 3231 2457 potest
3284 2362 3452 2463 (tab.
3505 2363 3633 2437 HI.

395 2474 447 2547 f.
488 2477 533 2548 3
573 2497 615 2547 c
644 2482 740 2568 c).
847 2472 1207 2566 Quamdiu
1282 2473 1469 2547 hanc
1543 2482 1972 2549 conservant
2021 2476 2350 2568 formam,
2423 2477 2575 2549 fere
2624 2475 2698 2549 in
2751 2474 3006 2551 eodem
3054 2478 3215 2553 loco
3266 2488 3638 2556 remanent

394 2592 791 2685 vibrantes,
847 2613 1079 2688 neque
1132 2599 1400 2685 natant,
1454 2614 1685 2688 neque
1715 2593 1908 2667 circa
1940 2594 2109 2669 axin
2141 2594 2540 2669 volvuntur.
2618 2595 2976 2670 Formatis
3011 2606 3245 2671 autem
3282 2599 3355 2672 in
3388 2622 3636 2696 mega·

393 2732 768 2806 zoospora
819 2718 1149 2806 quattuor
1197 2710 1411 2808 plicis
1448 2733 1578 2785 sev
1612 2711 1820 2808 jugis
1855 2711 2488 2809 longitudinalibus
2539 2712 2712 2814 (tab.
2746 2713 2875 2788 ΠΙ.
2928 2714 2977 2787 f.
3016 2719 3061 2789 5
3098 2739 3144 2789 a
3168 2740 3215 2792 a
3240 2729 3351 2813 a),
3404 2727 3636 2795 motus

396 2831 560 2926 ejus
615 2829 922 2904 celerior
971 2828 1362 2903 inchoatur.
1470 2826 1634 2920 Quo
1685 2830 2142 2906 continuante
2217 2854 2794 2929 megazoospora
2844 2833 3111 2908 sensim
3154 2835 3236 2909 fit
3285 2836 3637 2932 quadran-

395 2948 682 3045 gularis
762 2971 849 3023 eo
901 2946 1136 3041 modo,
1215 2945 1405 3043 quod
1458 2954 1785 3044 quattuor
1833 2948 2003 3024 illae
2051 2949 2287 3047 plicae
2336 2950 2895 3048 longitudinales
2948 2951 3024 3026 in
3075 2954 3381 3048 angulos
3433 2978 3638 3032 exse·

395 3076 674 3159 rantur,
726 3066 1100 3163 lateraque
1135 3066 1559 3163 interposita
1596 3067 2085 3166 explanantur,
2122 3068 2338 3143 immo
2372 3069 2829 3145 incurvantur
2874 3070 3047 3158 (tab.
3075 3070 3203 3145 ΠΙ.
3239 3073 3286 3146 f.
3318 3076 3365 3147 5
3391 3074 3506 3148 bb
3534 3075 3636 3175 c),

401 3208 549 3283 quo
604 3186 798 3260 facto
853 3187 1013 3283 ejus
1065 3193 1300 3259 motus
1352 3185 1854 3261 vivacissimus
1906 3195 2036 3261 est.
2136 3186 2402 3263 Rarius
2466 3199 2706 3264 autem
2777 3189 3190 3264 extremitas
3242 3213 3640 3289 zoosporae

401 3304 755 3402 superior,
830 3312 910 3377 ut
987 3303 1549 3395 observavimus,
1627 3305 1702 3378 in
1752 3303 2198 3403 pyramidem
2248 3305 2747 3383 brevissimam
2800 3317 3326 3404 transmutatur,
3380 3334 3519 3407 quo
3564 3311 3641 3386 in

401 3444 585 3495 casu
632 3430 866 3494 motus
921 3430 1033 3497 est
1082 3422 1305 3519 longe
1356 3422 1858 3499 vivacissimus
1922 3423 2096 3513 (tab.
2131 3423 2259 3498 ΠΙ.
2310 3424 2356 3499 f.
2395 3428 2442 3499 5
2477 3426 2525 3499 b
2551 3427 2659 3522 b).
2761 3425 3379 3524 Megazoosporas
3431 3429 3638 3504 Hor-

401 3540 693 3613 misciae
741 3555 1035 3615 zonatae
1085 3542 1205 3637 qui
1257 3540 1675 3638 diligentius
1726 3542 2111 3617 observare
2161 3542 2496 3639 voluerit,
2555 3543 2621 3618 is
2673 3545 2822 3619 fere
2860 3544 3109 3619 eadem
3146 3544 3445 3642 videbit3
3496 3547 3640 3644 pri-

399 3683 599 3734 mum
655 3659 842 3733 enim
895 3659 1404 3734 transversalis
1453 3683 1696 3735 earum
1748 3660 1974 3736 sectio
2027 3668 2139 3735 est
2188 3661 2609 3737 orbicularis
2658 3662 2829 3763 (tab.
2856 3662 2949 3736 H.
2987 3663 3111 3759 fig.
3140 3664 3185 3736 2
3213 3663 3321 3765 b),
3360 3663 3639 3761 deinde,

404 3801 772 3875 zoospora
820 3778 896 3850 in
949 3787 1145 3852 motu
1197 3778 1432 3853 subito
1470 3779 1929 3874 subsistente,
1966 3781 2114 3853 fere
2150 3778 2748 3876 quadrangularis
2772 3781 2819 3854 l.
2851 3781 3065 3856 etiam
3100 3781 3346 3856 variae
3372 3782 3643 3859 formae

408 3898 586 3999 (tab.
623 3898 716 3971 H.
770 3898 817 3971 f.
858 3900 902 3970 2
942 3896 990 3969 d
1017 3895 1063 3969 d
1094 3895 1216 3991 d);
1295 3903 1368 3970 et
1418 3896 1492 3971 in
1544 3897 1708 3993 ipsa
1757 3920 2349 3996 megazoospora,
2426 3921 2467 3972 e
2518 3898 2747 3974 latere
2797 3900 2976 3993 visa,
3032 3901 3515 3988 observantur,
3565 3911 3645 3978 ut

405 4017 483 4091 in
583 4016 966 4113 Urospora,
1050 4014 1284 4114 plicae
1364 4014 1924 4111 longitudinales
2006 4017 2176 4119 (tab.
2211 4017 2302 4090 H.
2359 4018 2405 4091 f.
2445 4021 2490 4091 2
2529 4039 2570 4091 c
2597 4017 2688 4118 e).
2794 4015 2979 4093 Cum
3028 4040 3199 4093 vero
3252 4018 3517 4095 diutius
3567 4021 3644 4095 in

416 4133 673 4209 eodem
726 4134 887 4207 loco
942 4142 1261 4207 moratur
1310 4156 1902 4232 megazoospora,
1972 4135 2195 4209 sectio
2248 4137 2406 4232 ejus
2458 4136 2962 4211 transversalis
3014 4139 3314 4212 formam
3365 4138 3643 4214 orbicu-

407 4253 639 4327 larem
691 4260 1087 4349 recuperat.
1166 4251 1814 4350 Megazoosporam
1881 4253 2270 4352 Urosporae
2321 4255 2387 4328 si
2433 4254 2644 4329 nobis
2691 4255 2925 4330 auimo
2961 4254 3325 4331 fixerimus
3363 4262 3643 4343 tortam,

413 4371 781 4447 cochleam
837 4370 1034 4467 (eine
1087 4368 1476 4460 Schraube,
1528 4393 1668 4445 une
1707 4371 1846 4473 vis)
1900 4372 2343 4459 habebimus,
2391 4373 2596 4469 cujus
2622 4373 2698 4446 in
2724 4397 2912 4470 aqua
2944 4382 3176 4449 motus
3213 4373 3476 4473 duplex
3509 4382 3641 4470 est,

414 4491 719 4590 primum
798 4489 985 4564 enim
1066 4489 1261 4563 circa
1331 4488 1502 4562 axin
1567 4488 1875 4565 volvitur
1936 4498 2008 4563 et
2071 4489 2333 4564 deinde
2385 4491 2548 4588 ipsa
2596 4492 3069 4587 progreditur.
3170 4492 3314 4567 Hic
3363 4515 3643 4590 quoque

414 4617 528 4684 est
583 4630 1128 4704 zoosporarum‚
1178 4606 1268 4681 de
1321 4609 1577 4705 quibus
1629 4609 2010 4705 quaeritur,
2063 4617 2315 4684 motus.
2418 4608 2692 4705 Itaque,
2748 4611 3040 4705 cognita
3083 4632 3327 4686 earum
3362 4634 3442 4686 se
3478 4634 3644 4686 con-

413 4727 742 4802 trahendi
795 4734 869 4801 et
912 4725 1368 4823 expandendi
1419 4727 1525 4817 vi,
1580 4748 1880 4823 corpore
1932 4748 2062 4801 suo
2115 4725 2189 4798 in
2241 4728 2540 4800 formam
2586 4726 2924 4801 cochleae
2973 4728 3137 4825 plus
3185 4728 3419 4804 minus
3454 4752 3644 4804 com-

415 4847 681 4944 pletam
759 4843 1318 4938 transmutandO,
1400 4867 1527 4919 eos
1581 4866 1662 4919 se
1714 4865 2023 4937 movere,
2078 4843 2199 4917 vix
2253 4843 2715 4918 dubitandum
2766 4853 2897 4919 est.
3004 4844 3210 4937 Quae
3262 4854 3498 4921 autem
3550 4847 3647 4922 sit

415 4966 543 5041 illa
590 4966 723 5059 vis,
775 4987 963 5061 quae
1016 4964 1381 5038 cochleam
1437 4962 1697 5057 agitat,
1763 4960 2005 5035 dicere
2056 4984 2198 5036 non
2250 4984 2657 5058 possumus.
2735 4963 2922 5039 Eam
2950 4965 3259 5039 externis
3287 4987 3379 5038 ex
3404 4965 3646 5041 causis

590 5331 702 5416 36)
745 5330 890 5397 Non
934 5349 1083 5396 raro
1128 5328 1576 5397 desiderantur
1619 5330 1769 5397 cilia
1814 5328 2166 5395 vibratoria
2208 5329 2277 5396 in
2320 5330 2674 5416 zoosporis,
2721 5349 2905 5416 quae,
2950 5327 3269 5397 afficiente
3310 5331 3453 5397 luce
3496 5332 3645 5398 ube·

414 5432 604 5518 riore,
649 5433 840 5499 nimis
890 5440 1298 5517 praemature
1342 5451 1425 5498 ex
1469 5432 1703 5498 cellula
1746 5432 2013 5498 matrice
2043 5431 2430 5499 emittuntur.
