5107 6540
1478 516 1521 584 6
2595 495 2668 573 J.
2722 498 2809 573 E.
2862 481 3362 590 Amemus,

1575 710 2089 788 Transversali
2166 707 2585 783 cellularum
2650 706 3002 781 divisione
3053 714 3384 780 crescunt
3430 706 3557 782 fila
3608 717 3682 782 et
3729 708 3803 783 in
3859 706 4375 801 longitudinem
4430 711 4503 778 et
4554 702 4644 776 in

1370 832 1945 909 erassitudinem.
2052 827 2216 919 Quo
2267 827 2559 922 longius
2613 825 3134 900 continuaverit
3183 825 3490 922 repetita
3539 825 3722 900 haec
3779 825 4069 917 divisio,
4129 847 4214 899 eo
4268 824 4644 900 crassiora

1370 955 1555 1028 fiunt
1605 973 1746 1024 non
1801 946 2011 1023 modo
2064 948 2277 1021 tubus
2324 945 2769 1036 cuticularis,
2823 966 3066 1016 verum
3122 942 3338 1016 etiam
3392 944 3807 1018 cellularum
3866 946 4360 1035 membranae,
4397 965 4640 1037 eoque

1374 1069 1695 1147 crassius
1770 1066 1997 1156 filum,
2074 1064 2354 1139 cellulis
2423 1065 2746 1158 uniuscuj
2758 1084 2980 1157 usque
3052 1062 3574 1156 generationis,
3658 1085 3872 1158 quam
3948 1061 4442 1135 antecedentis
4490 1083 4634 1135 sev

1376 1189 1679 1264 cellulae
1728 1183 2094 1275 matrices,
2151 1183 2409 1280 majori
2461 1183 2810 1257 diametro
2865 1180 3367 1275 gaudentibus.
3434 1180 3625 1255 Ante
3676 1179 4175 1254 formationem
4237 1202 4638 1276 zoospora-

1374 1331 1560 1398 rum,
1617 1311 1789 1400 quot
1838 1308 2121 1376 exstent
2180 1303 2367 1376 tales
2422 1302 2837 1376 cellularum
2897 1307 3318 1393 vegetarum
3367 1299 3908 1393 generationes,
3972 1297 4212 1371 dicere
4263 1321 4406 1370 non
4461 1319 4634 1392 pos-

1374 1448 1645 1503 sumus.
1748 1422 1834 1495 In
1913 1421 2242 1495 omnibus
2314 1421 2456 1495 filis
2531 1443 2774 1493 earum
2828 1441 3162 1491 numerus
3214 1439 3356 1490 non
3403 1416 3595 1491 idem
3645 1416 3943 1490 videtur.
4049 1416 4236 1490 Nam
4288 1415 4414 1489 fila
4476 1424 4635 1490 tum

1377 1542 1839 1621 crassissima
1891 1547 1962 1612 et
2012 1562 2104 1612 ex
2156 1538 2435 1613 cellulis
2481 1535 3161 1635 paclnydermaticis,
3213 1544 3361 1610 tum
3406 1536 3733 1610 tenuiora
3768 1543 3842 1609 et
3891 1558 3982 1608 ex
4015 1533 4632 1632 leptodermaticis

1377 1669 1805 1748 constructa,
1864 1657 1937 1730 in
1990 1679 2286 1751 quorum
2343 1659 2661 1752 utrisque
2713 1655 3018 1729 eundem
3067 1656 3608 1750 generationum
3660 1677 4030 1728 numerum
4078 1652 4431 1752 praeiisse
4469 1674 4630 1727 cre-

1376 1783 1551 1857 dere
1603 1803 1745 1853 non
1796 1798 2212 1873 possumuS,
2283 1799 2682 1872 zoosporas
2730 1773 2945 1848 edere
3002 1773 3326 1846 vidimus.
3396 1772 3698 1845 Paucis:
3751 1773 4220 1846 transversali
4272 1771 4634 1846 divisione

1374 1901 1576 1998 prius
1658 1896 1982 1971 seriusve
2061 1894 2295 1984 finita,
2378 1895 2451 1967 in
2518 1892 2798 1966 cellulis
2850 1892 3140 1966 ultimae
3204 1890 3691 1987 generationis
3742 1893 4136 1965 formantur
4188 1912 4631 1986 zoosporae,

1383 2041 1581 2116 quas·
1645 2038 1834 2089 nunc
1908 2012 2321 2086 describere
2374 2013 2811 2086 conabimur.

1591 2135 2194 2230 Meyazoosporae.
2297 2131 2441 2204 Die
2524 2134 2619 2203 23
2697 2130 2973 2226 Aprilis
3043 2129 3254 2225 plura
3330 2128 3514 2201 inter
3576 2151 3656 2201 se
3709 2127 3976 2200 intorta
4033 2127 4195 2200 visa
4246 2137 4413 2200 sunt
4462 2127 4631 2218 fila,

1374 2276 1677 2348 quorum
1755 2251 1901 2325 alia
1979 2251 2306 2324 tenuiora
2376 2256 2757 2343 aetateque
2838 2257 3031 2321 certe
3110 2247 3414 2338 minora,
3498 2247 3782 2341 aliaque
3836 2247 4242 2320 robustiora
4306 2247 4624 2332 fuerunt,

1379 2374 1677 2445 65-70
1717 2371 1801 2469 ¹⁰)
1858 2370 2163 2443 Micromm
2192 2392 2465 2442 crassa.
2571 2368 2654 2440 ln
2709 2367 2821 2440 bis
2873 2365 3186 2438 robustis
3241 2364 3545 2438 cellulae
3597 2365 3880 2437 fuerunt
3930 2364 4143 2438 modo
4199 2363 4632 2437 diametrum

1376 2500 1805 2586 aequantes,
1881 2488 2093 2563 modo
2173 2488 2423 2561 eodem
2490 2487 2658 2582 2plo
2712 2485 3101 2578 breviores.
3203 2483 3415 2574 Illae,
3498 2507 3626 2556 sev
3703 2482 4105 2577 longiores,
4188 2493 4311 2557 aut
4389 2483 4632 2558 denuo

1375 2610 1449 2683 in
1530 2608 1713 2682 duas
1791 2607 2091 2680 cellulas
2171 2606 2361 2680 filias
2440 2602 2906 2694 dividendae,
2988 2611 3111 2676 aut
3179 2625 3577 2697 zoosporas
3631 2601 3984 2694 editurae;
4051 2602 4220 2694 bae,
4284 2627 4412 2676 sev
4464 2605 4632 2676 bre-

1375 2728 1649 2815 viores,
1726 2727 2010 2799 fuerunt
2084 2725 2239 2798 sine
2320 2723 2761 2798 dubitatione
2841 2719 3145 2794 cellulae
3216 2720 3431 2810 filiae,
3509 2719 3866 2794 divisione
3946 2722 4249 2794 cellulae
4302 2721 4630 2795 matricis

1376 2846 1715 2942 nuperius
1769 2851 2082 2917 exortae.
2189 2842 2421 2916 Totus
2500 2840 2917 2916 cellularum
2989 2839 3230 2935 paries
3305 2839 3598 2912 interior
3675 2838 3974 2911 vestitus
4051 2839 4185 2912 fuit
4237 2840 4631 2936 cytioplas-

1374 2973 1566 3038 mate
1618 2961 1831 3035 viridi
1883 2959 2305 3055 granuloso,
2361 2960 2688 3055 granulis
2742 2960 2916 3044 (tab.
2958 2958 3013 3031 I.
3068 2958 3190 3053 fig.
3234 2963 3307 3050 2,
3389 2962 3432 3031 3
3465 2982 3510 3030 a
3537 2981 3612 3048 a,
3675 2961 3713 3028 ‘c'
3743 2982 3788 3029 a
3817 2965 3892 3049 a)
3957 2979 4142 3031 nunc
4193 2957 4626 3050 minoribus,

1375 3106 1565 3157 nunc
1648 3081 2062 3175 majoribus.
2198 3080 2279 3152 In
2358 3078 2600 3153 media
2665 3078 2925 3152 cellula
2974 3078 3269 3150 nucleus
3322 3075 3661 3149 centralis
3716 3076 3886 3175 (tab.
3921 3075 3978 3149 I.
4033 3078 4080 3149 f.
4126 3081 4188 3168 l,
4229 3078 4325 3175 2.)
4382 3078 4636 3151 obser-

1375 3212 1585 3278 vatus
1665 3209 1777 3275 est
1814 3205 1920 3288 11).
2053 3199 2135 3272 In
2217 3197 2497 3272 cellulis
2576 3197 2887 3272 maxime
2965 3195 3271 3269 evolutis
3333 3216 3734 3290 zoosporae
3776 3196 3934 3290 jam
3987 3194 4335 3268 formatae
4387 3204 4630 3290 erant,

1375 3320 1779 3396 immobiles
1859 3317 2177 3413 quidem,
2234 3326 2309 3390 at
2362 3318 2462 3390 ita
2514 3341 2561 3390 a
2612 3326 2866 3390 natura
2919 3325 3236 3411 paratae,
3293 3323 3368 3387 ut
3413 3313 3745 3387 cellulam
3800 3314 4165 3387 matricem
4220 3314 4360 3388 cito
4412 3313 4631 3389 relin-

1375 3463 1593 3538 quere
1647 3461 1867 3535 posse
1921 3436 2328 3510 viderentur
2382 3436 2553 3535 (tab.
2582 3435 2640 3509 I.
2694 3437 2741 3508 f.
2774 3440 2817 3509 3
2847 3436 2970 3528 b.).
3048 3434 3221 3529 Ipso
3273 3433 3407 3506 hoc
3460 3443 3780 3528 tempore
3835 3432 4256 3506 observatur
4291 3434 4363 3507 in
4397 3434 4630 3508 latere

1375 3559 1681 3634 cellulae
1735 3556 2133 3652 sporiferae
2187 3565 2417 3627 tumor
2468 3553 2981 3649 punctiformis,
3037 3551 3156 3647 qui
3211 3551 3448 3625 ostioli
3501 3551 3925 3647 porifolmis,
3982 3574 4121 3646 quo
4163 3552 4637 3645 egrediuntur

1374 3697 1796 3772 zoosporae,
1849 3686 1961 3748 est
2014 3672 2370 3747 indicium.
2477 3672 2648 3745 Tali
2708 3672 2897 3745 enim
2950 3681 3243 3759 tumore,
3299 3670 3416 3764 qui
3469 3670 3923 3765 punctiformi
3978 3671 4434 3744 membranae
4482 3673 4628 3745 cel-

1372 3796 1625 3872 lularis
1679 3792 2149 3866 dissolutione
2204 3790 2539 3880 exoritur,
2596 3790 2926 3863 ostiolum
2984 3790 3293 3878 formari,
3352 3790 3559 3863 nobis
3613 3789 3843 3862 visum
3882 3799 3994 3862 est
4027 3789 4188 3862 luce
4224 3790 4486 3864 clarius
4517 3797 4630 3880 ¹²).

1372 3918 1565 3992 Nam
1617 3912 1832 4010 paulo
1885 3920 2050 4004 post
2104 3931 2351 3982 omnes
2406 3931 2830 4003 zoosporae,
2884 3909 2959 3982 in
3009 3908 3300 4003 globum
3352 3908 3760 3982 indumento
3826 3908 4231 4002 gelatinoso
4285 3917 4357 3981 et
4407 3932 4630 3983 mem-

1372 4031 1793 4110 braniformi
1844 4028 2177 4102 vestitum
2228 4026 2689 4121 glomeratae,
2722 4051 2850 4123 per
2897 4035 3241 4100 tumorem
3281 4027 3508 4119 illum,
3557 4050 3742 4099 nunc
3779 4027 3850 4099 in
3890 4027 4222 4100 ostiolum
4262 4036 4626 4120 mutatum,

1377 4152 1658 4228 extrudi
1711 4151 2131 4244 inceperunt
2186 4148 2360 4235 (tab.
2398 4147 2454 4219 Ι.
2508 4148 2553 4219 f.
2587 4151 2633 4218 4
2663 4161 2765 4241 a).
2872 4146 3401 4242 Zoosporarum
3453 4144 3715 4238 globus
3769 4144 4071 4218 cellulae
4108 4147 4386 4220 matrici
4420 4171 4628 4241 mag-

1375 4270 1693 4348 nitudine
1772 4269 1924 4340 fere
2004 4265 2348 4358 aequalis,
2431 4264 2762 4338 ostiolum
2816 4273 3082 4355 contra,
3148 4288 3276 4359 per
3329 4262 3519 4359 quod
3572 4261 3984 4354 extruditur,
4042 4274 4264 4337 totum
4326 4268 4622 4365 73-——10

1372 4393 1677 4468 Micro'·‘'··
1734 4385 1854 4458 vix
1902 4383 2116 4457 latius
2167 4383 2319 4455 fuit.
2426 4381 2562 4456 Vis
2635 4384 2873 4477 igitur,
2960 4407 3102 4478 qua
3172 4381 3433 4477 globus
3508 4381 3918 4473 extruditur,
3997 4407 4224 4479 parva
4276 4408 4415 4459 non
4471 4397 4616 4479 est,

1375 4509 1507 4586 sed
1594 4506 1802 4582 nobis
1890 4504 2158 4597 ignota.
2306 4501 2598 4574 Interim
2686 4524 2816 4598 per
2898 4500 3231 4575 ostiolum
3319 4509 3678 4591 extrusus,
3767 4502 4065 4575 formam
4153 4504 4318 4599 plus
4396 4506 4635 4581 miuus

1373 4625 1829 4727 sphaericam
1880 4628 2260 4716 recuperat
2322 4620 2585 4715 globus
2651 4643 3192 4717 zoosporarum,
3274 4642 3459 4692 nunc
3514 4618 3727 4691 etiam
3780 4618 4188 4696 indumento
4241 4622 4362 4696 illo
4424 4625 4629 4717 gela-

1552 4833 1659 4917 10)
1704 4830 1848 4894 Fila
1893 4826 2208 4913 sporifera
2261 4826 2583 4889 Ulotlzricis
2615 4827 3124 4911 penicillq'sbrmis,
3172 4843 3337 4908 quae
3383 4823 3543 4889 vidit
3589 4824 3723 4891 Cel.
3760 4826 3993 4907 Braun,
4044 4827 4452 4893 crassissima
4497 4830 4631 4915 66}

1374 4936 1655 5002 Mieromm
1707 4937 2006 5015 aequant.

1553 5062 1660 5145 11)
1725 5061 1799 5124 In
1882 5060 2185 5123 Ulotlwice
2242 5058 2700 5142 penicillf‘formi
2764 5054 2923 5120 vidit
2989 5055 3122 5122 Cel.
3171 5056 3387 5121 Braun
3455 5055 3783 5139 ”globulos
3852 5055 4220 5140 amylaeeos
4270 5056 4510 5138 binos'‘,
4562 5066 4632 5124 et

1376 5163 1623 5229 ”rarius
1690 5163 1755 5227 in
1826 5169 2008 5247 parte
2057 5161 2345 5225 tenuiore
2392 5159 2770 5240 solitarios'’‚
2819 5178 3079 5242 quorum
3128 5159 3299 5223 nulla
3342 5158 3619 5242 vestigia
3687 5157 3961 5222 vidimus
4009 5159 4073 5223 in
4123 5168 4340 5223 nostra
4385 5161 4629 5244 planta.

1377 5265 1871 5352 Corpusculum,
1921 5263 2089 5347 quod
2135 5263 2429 5327 nucleum
2476 5260 2970 5343 nominavimus,
3020 5262 3354 5344 granulum
3403 5261 3802 5345 amylaceum
3850 5260 4070 5327 haberi
4118 5282 4241 5326 non
4290 5270 4524 5347 potest.

1557 5386 1664 5469 12)
1712 5384 1841 5450 Csr.
1888 5383 2160 5464 Thuret,
2208 5381 2618 5447 Recherches
2667 5401 2776 5447 sur
2815 5383 2910 5447 les
2955 5381 3315 5467 Zoospores
3362 5379 3479 5445 des
3527 5381 3772 5464 Algnes
3819 5402 3882 5466 p.
3936 5384 4034 5447 10.
