5107 6540
1336 509 1966 593 Onssavarrouss
2014 515 2629 592 Puxconocmxn.
3353 522 3449 596 21

322 719 609 795 uittae
666 717 1034 796 debemus.
1137 717 1248 795 Ut
1278 739 1400 794 res
1431 717 1657 815 igitur
1703 718 1961 795 melius
2011 717 2310 813 eluceat,
2369 740 2463 794 ea
2510 718 2751 797 omnia
2795 719 3088 830 eodem,
3117 742 3258 817 quo
3309 723 3555 800 obser-

326 845 499 913 vata
542 846 742 932 suut,
797 838 1049 914 ordine
1097 836 1440 936 persequi
1488 835 1564 911 in
1615 837 1855 913 animo
1904 843 2038 916 est.

531 955 618 1031 In
669 955 892 1032 fundo
943 956 1223 1031 sinuum
1274 955 1688 1031 interiorum
1740 958 1962 1034 maris
2011 957 2485 1035 Bahusiensis
2531 979 2749 1038 unum
2794 957 2843 1032 l.
2883 956 3063 1032 duos
3098 957 3375 1035 cubitos
3409 960 3557 1038 alto

327 1073 665 1149 demersa
733 1081 851 1150 est
922 1073 1344 1172 plerumque
1407 1074 1751 1174 Conferva
1800 1075 2107 1173 Linum,
2187 1074 2452 1152 coloris
2513 1097 2812 1151 amoene
2887 1073 3158 1150 viridis.
3260 1074 3556 1156 Ultimis

327 1200 571 1267 autem
616 1191 874 1268 diebus
922 1189 1125 1267 Junii
1171 1191 1444 1268 mensis
1499 1195 1691 1267 1863
1743 1216 1788 1268 e
1837 1193 2058 1271 fundo
2103 1217 2375 1291 magna
2420 1194 2580 1291 ejus
2622 1190 2835 1290 copia
2877 1193 3199 1289 emersit,
3246 1194 3560 1293 in'aqua

327 1310 860 1386 stratiformiter
932 1309 1246 1405 fluitans,
1310 1308 1601 1386 sordide
1648 1310 2070 1388 flavescens.
2172 1313 2340 1388 Fila
2395 1310 2748 1411 languida
2806 1317 2879 1385 et
2924 1311 3200 1387 lubrica
3243 1307 3557 1413 fuerunt,

327 1437 408 1503 nt
456 1451 551 1503 ea
599 1436 725 1504 ant
772 1429 1171 1523 tabescere,
1232 1436 1359 1503 aut
1405 1450 1802 1527 zoosporas
1854 1429 2134 1505 editura
2182 1430 2427 1522 fuisse,
2478 1430 2696 1506 facile
2745 1429 3201 1506 credidisses.
3305 1432 3560 1531 Neque

328 1546 612 1681 injuria.
732 1546 925 1622 Nam
1009 1545 1127 1621 die
1211 1549 1303 1621 19
1375 1543 1580 1621 Junii
1654 1547 1835 1623 hora
1909 1548 2234 1625 meridiei
2308 1547 2652 1624 nonnulla
2717 1571 2878 1624 cnm
2927 1558 3554 1685 perscrutaremur,

327 1664 405 1739 in
452 1665 699 1740 multis
751 1687 996 1740 eorum
1048 1663 1329 1740 cellulis
1379 1663 1689 1741 vidimus
1739 1688 2135 1764 zoosporas
2205 1667 2548 1742 vivaciter
2597 1690 2681 1742 se
2730 1689 3037 1761 movere,
3090 1665 3223 1742 sed
3270 1668 3346 1743 in
3395 1668 3560 1767 ipsa

330 1783 597 1858 cellula
670 1784 971 1873 nullum,
1055 1805 1195 1881 quo
1277 1783 1475 1857 exire
1546 1792 1953 1880 potuerunt,
2019 1785 2347 1861 ostiolum
2419 1765 2908 1882 punctiforme.
3010 1784 3263 1882 Itaque
3313 1808 3559 1863 omnes

329 1901 523 1977 intra
569 1902 903 1978 cellulam
952 1901 1323 1977 matricem
1372 1900 1693 1977 inclusas
1742 1904 2156 2000 perquirere
2206 1905 2436 1981 coacti
2484 1905 2766 1979 fuimus.
2848 1900 3062 1995 Quod
3095 1927 3256 1979 cum
3287 1905 3558 1980 facere-

329 2043 512 2116 mus,
564 2020 642 2096 in
692 2021 955 2097 cellula
1008 2019 1171 2122 (sev
1221 2018 1553 2119 articulo)
1620 2019 1927 2117 quadam
1975 2023 2406 2099 observatae
2456 2030 2623 2097 sunt
2670 2043 3070 2121 zoosporae
3121 2029 3195 2097 et
3242 2030 3437 2099 motu
3487 2031 3562 2099 et

331 2139 562 2213 forma
612 2138 800 2213 inter
851 2161 933 2213 se
984 2136 1197 2212 valde
1251 2136 1663 2230 dissimiles,
1712 2161 2000 2237 nempe.
2186 2151 2195 2164 ·

540 2262 607 2331 1.
688 2256 1108 2355 Zoosporae
1160 2253 1529 2341 ovoideae‚
1582 2256 2049 2352 acuminatae,
2103 2258 2551 2333 extremitate
2597 2258 2963 2355 superiore
3007 2255 3321 2355 hyalina,
3372 2191 3559 2333 ciliis

332 2374 615 2450 duobus
666 2374 772 2466 (in
824 2374 1184 2450 nonnullis
1236 2382 1570 2470 quattuor
1580 2373 1651 2467 P)
1728 2375 2168 2451 tenuissimis
2230 2383 2523 2469 armata,
2579 2374 2901 2472 granulis
2950 2375 3342 2472 majoribus
3390 2375 3557 2450 viri-

331 2493 542 2570 dibus
623 2493 849 2568 dense
926 2490 1213 2589 stipatis
1291 2490 1483 2567 intus
1559 2493 1886 2586 vestitae,
1954 2516 2252 2590 quarum
2303 2493 2492 2569 aliae
2543 2494 3071 2569 numerosiores
3123 2501 3197 2569 et
3247 2494 3558 2570 minores

327 2614 617 2688 fuerunt
631 2669 649 2705 ,
707 2613 850 2711 12}
900 2609 1207 2685 Micro·¹·
1256 2609 1525 2706 longae
1570 2618 1645 2685 et
1697 2614 1796 2713 δὲ
1844 2611 2151 2687 Microffl·
2202 2612 2396 2687 latae
2449 2611 2623 2714 (tab.
2657 2611 2768 2688 IV
2769 2669 2785 2685 .
2837 2613 2884 2686 f.
2926 2615 3022 2686 10
3049 2611 3157 2715 a);
3209 2613 3397 2687 aliae
3429 2635 3557 2688 nu·

327 2753 525 2806 mero
577 2727 1065 2828 paucissimae
1112 2735 1186 2802 et
1233 2729 1582 2824 majores,
1650 2731 2000 2832 22-3-—25
2048 2730 2356 2807 Micro“’''¹
2407 2731 2674 2827 longae
2726 2738 2800 2806 et
2854 2733 3203 2833 15-17-,1-
3251 2730 3558 2807 Micro·''·

327 2848 521 2923 latae
576 2848 754 2944 (tab.
787 2845 916 2923 IV.
967 2848 1016 2921 f.
1060 2849 1153 2921 10
1187 2847 1292 2944 b).
1393 2845 1768 2944 Utraeque
1829 2847 2025 2924 circa
2085 2849 2254 2924 axin
2313 2851 2688 2925 volventes
2745 2849 3089 2926 citissime
3137 2857 3563 2926 nutaverunt

332 2975 536 3041 recta
612 2964 734 3040 via
813 2973 937 3039 aut
1012 2972 1325 3061 curvata,
1406 2966 1856 3042 extremitate
1908 2967 2277 3063 superiore
2326 2967 2623 3068 hyalina
2670 2969 2745 3043 in
2796 2991 3009 3044 cursu
3049 2990 3247 3043 ›nunc
3300 2970 3558 3066 antica,

334 3106 522 3160 nunc
575 3082 878 3180 postica.

539 3205 607 3278 2.
713 3201 1133 3299 Zoosporae
1182 3199 1399 3276 valde
1447 3200 1971 3297 memorabiles,
2008 3201 2712 3300 elongato-lineares,
2755 3201 3088 3279 inferiore
3115 3203 3562 3281 extremitate

334 3323 484 3398 fere
538 3327 868 3396 truncata
916 3321 962 3395 l.
1012 3318 1418 3411 rotundatu,
1498 3319 1865 3419 superiore
1943 3321 2351 3397 acuminata
2421 3321 2730 3419 cilioque
2779 3322 3165 3397 vibratorio
3215 3345 3356 3399 uno
3410 3324 3564 3426 (aut

333 3439 700 3536 duobusP)
752 3439 1042 3536 munita,
1097 3439 1544 3537 granulaque
1595 3439 1874 3514 minora
1923 3439 2297 3536 minusque
2338 3463 2721 3518 numerosa
2751 3439 3196 3517 includentes
3233 3441 3405 3544 (tab.
3430 3442 3560 3519 IV.

330 3561 381 3634 f.
422 3564 512 3635 11
551 3583 600 3634 a
626 3560 674 3634 b
701 3559 794 3660 c).
897 3558 1139 3633 Motus
1190 3559 1342 3632 fere
1392 3566 1471 3633 ut
1518 3558 1594 3633 in
1645 3558 2025 3657 prioribus,
2092 3557 2221 3633 sed
2285 3582 2528 3635 earum
2580 3582 2915 3634 numerus
2966 3558 3347 3634 admodum
3396 3585 3561 3660 par-

332 3701 487 3754 vus.
592 3677 1006 3775 Longitudo
1092 3679 1491 3781 17}—22}
1551 3676 1860 3752 Mierom-
1930 3677 2374 3774 latitudoque
2431 3680 2526 3779 73¹5-
2574 3677 2879 3752 Miorom
2916 3683 3031 3777 ³⁸).
3133 3677 3301 3753 Non
3350 3678 3563 3755 modo

332 3803 630 3894 propter
684 3797 984 3871 formam
1035 3797 1233 3872 illam
1283 3797 1800 3872 alienissimam
1850 3796 2219 3873 mirabiles
2271 3803 2464 3889 sunt,
2518 3793 2651 3871 sed
2702 3795 2777 3870 in
2829 3818 2917 3871 eo
2961 3796 3206 3890 etiam,
3259 3796 3449 3893 quod
3487 3799 3564 3874 in

331 3915 494 3990 loco
550 3911 861 4010 quodam
913 3937 1073 3989 cum
1125 3922 1509 4002 morantur,
1559 3915 1634 3990 in
1686 3939 1822 3992 sua
1872 3917 2102 3991 forma
2150 3915 2489 3991 mutanda
2532 3921 2927 4010 occupatae
2973 3922 3155 3989 sunt.
3230 3914 3565 3992 Vidimus

332 4034 574 4131 itaque
645 4032 781 4107 has
858 4055 1258 4129 zoosporas
1337 4034 1510 4135 (tab.
1545 4032 1674 4108 IV.
1727 4034 1773 4108 f.
1816 4038 1905 4108 11
1947 4033 2061 4107 ab
2091 4033 2161 4134 c)
2242 4035 2315 4109 in
2381 4056 2630 4109 omnes
2683 4055 2812 4106 eas
2863 4033 3151 4125 formas,
3207 4057 3388 4130 quas
3440 4033 3563 4109 de-

332 4152 699 4251 pinximus
752 4150 933 4250 (tab.
969 4149 1098 4226 IV.
1150 4152 1200 4224 f.
1244 4155 1332 4226 11
1374 4150 1420 4224 d
1450 4173 1491 4226 e
1516 4152 1592 4250 f)
1669 4153 1948 4226 mutari.
2056 4149 2374 4244 Quarum
2449 4151 2835 4226 formarum
2890 4172 2997 4244 ea,
3052 4173 3237 4248 qnae
3288 4150 3564 4228 duobus

333 4270 521 4345 ciliis
597 4269 1009 4345 vibratoriis
1086 4269 1358 4344 munita
1408 4277 1522 4344 est
1573 4270 1748 4359 (tab.
1784 4266 1911 4344 IV.
1964 4271 2011 4344 f.
2056 4273 2143 4343 11
2184 4272 2222 4344 f
2225 4271 2286 4371 )‚
2339 4290 2780 4367 magnopere
2834 4268 3224 4363 singularis
3276 4276 3390 4343 est
3436 4270 3564 4344 ha-

332 4387 594 4466 benda.
697 4387 817 4463 De
867 4395 1108 4462 cetero
1162 4386 1301 4462 hae
1355 4385 1685 4486 depictae
1735 4388 2007 4461 formae
2043 4386 2239 4461 nullo
2275 4386 2617 4483 temporis
2651 4393 3007 4461 momento
3044 4394 3209 4461 sunt
3242 4386 3559 4483 stabiles,

331 4531 500 4583 nam
549 4505 858 4581 laciniae
909 4506 1281 4581 breviores
1334 4514 1408 4581 et
1455 4504 1824 4601 longiores
1875 4504 2206 4580 continue
2252 4510 2672 4580 exseruntur
2730 4512 2853 4578 aut
2909 4504 3377 4600 retrahuntur,
3413 4507 3565 4580 fere

333 4626 588 4701 eodem
638 4623 873 4719 modo,
928 4646 1068 4721 quo
1119 4623 1196 4697 in
1245 4623 1623 4721 zoosporis
1675 4621 2235 4723 Mycetozoorum
2283 4621 2441 4697 fieri
2493 4620 2680 4695 solet
2711 4620 2820 4723 ³⁴).

507 4897 621 4979 33)
664 4895 909 4961 Harum
974 4912 1457 4983 zoosporarum,
1495 4890 1842 4958 similitudo
1894 4911 2038 4958 cum
2079 4892 2410 4978 zoosporis
2454 4893 2744 4979 Didymii
2782 4893 3128 4959 Libertimzi
3165 4888 3569 4958 observanda

332 5004 454 5064 est.
543 4998 673 5065 Ost.
716 4998 821 5064 De
862 4998 1056 5084 Bary,
1106 4995 1213 5062 die
1256 4995 1693 5082 Mycetozoen,
1740 4995 1870 5060 2:¹20
1910 4993 2202 5079 Auflage,
2248 4993 2376 5062 tab.
2421 4994 2473 5061 Ι.
2516 4995 2563 5061 f.
2611 4994 2712 5059 11.

503 5116 618 5203 34)
664 5118 795 5185 Cfr.
839 5117 941 5182 De
969 5116 1162 5201 Bary,
1210 5113 1316 5181 die
1360 5115 1798 5201 Mycetozoen,
1842 5116 1970 5182 2:oe
1992 5114 2285 5199 Auflage,
2326 5114 2456 5181 tab.
2485 5115 2538 5181 Ι.
2582 5113 2626 5180 f.
2661 5113 2757 5196 18,
2803 5111 2934 5178 tab.
2963 5112 3024 5179 2.
3067 5112 3110 5179 f.
3142 5113 3223 5179 31
3248 5117 3316 5178 et
3341 5110 3472 5178 tab.
3504 5114 3566 5178 3.

329 5219 375 5285 f.
420 5219 482 5285 8.
526 5258 613 5271 -
656 5220 1027 5306 Zoosporas
1070 5221 1349 5284 Aet-ledii
1385 5224 1599 5305 septici
1646 5218 1925 5285 vidimus
1979 5217 2104 5284 hoc
2142 5235 2316 5282 anno
2359 5235 2397 5282 e
2438 5215 2798 5302 perisporio
2842 5214 3037 5299 exire,
3083 5232 3347 5299 quarum
3392 5214 3567 5281 simi·

329 5320 529 5388 litudo
571 5340 713 5388 cum
762 5322 865 5388 his
911 5321 1238 5407 zoosporis
1287 5321 1618 5407 Corda-vae
1659 5323 1818 5389 Lim·
1857 5320 2017 5409 (tab.
2062 5325 2286 5386 nostra
2329 5318 2440 5385 IV.
2483 5317 2527 5384 f.
2563 5318 2639 5383 11
2672 5315 2864 5403 def)
2906 5317 2975 5382 in
3020 5322 3244 5402 aperto
3287 5323 3408 5383 est.
