5107 6540
1464 503 1559 606 20

1532 734 2104 820 microzoosporae,
2153 733 2311 811 (300
2342 733 2633 818 amplifi).
2678 772 2761 783 —
2805 731 2949 817 Fig.
2996 734 3036 799 8
3081 731 3660 817 microzoosporae,
3707 733 3866 812 (500
3907 731 4206 817 amplifi).
4252 766 4338 780 -
4382 730 4528 814 Fig.
4574 729 4625 793 9

1530 835 1704 903 filum
1751 838 1967 924 spurio
2008 855 2347 920 ramosum,
2396 838 2555 915 (200
2600 835 2893 922 amplifi).

1365 990 1550 1064 Tab.
1605 990 1733 1066 IV.
1837 990 2001 1085 Fig.
2064 994 2279 1065 1—7.
2384 989 3024 1089 Spongosiphonia
3075 996 3297 1064 arcta.

1536 1125 1681 1211 Fig.
1734 1128 1765 1191 1
1816 1145 1913 1191 aa
1937 1147 1997 1192 a.
2043 1128 2313 1194 cellulae
2380 1135 2676 1211 vegetae,
2746 1125 2787 1192 b
2812 1125 2850 1190 b
2897 1124 3166 1192 cellulae
3208 1124 3671 1192 antherozoida
3693 1125 3786 1204 (‘?)
3840 1126 4263 1210 continentes,
4308 1145 4344 1192 c
4390 1127 4626 1193 ramuli

1534 1248 1750 1295 ramos
1796 1229 2189 1309 intricantes,
2238 1231 2354 1307 (10
2379 1231 2670 1317 amplifi).
2715 1266 2801 1278 —
2841 1229 2986 1312 Fig.
3032 1230 3072 1293 2
3116 1227 3310 1312 filum,
3357 1230 3422 1295 in
3469 1229 3649 1314 cujus
3695 1230 3929 1295 cellula
3973 1250 4033 1294 a.
4080 1230 4505 1315 cytioplasma
4550 1231 4626 1296 in

1540 1332 1799 1416 globum
1846 1339 2241 1399 contractum
2287 1340 2406 1416 est,
2454 1335 2491 1400 b
2536 1334 2852 1416 ostiolum,
2901 1351 2981 1397 ex
3024 1351 3148 1414 quo
3196 1338 3459 1397 extrusa
3503 1341 3605 1397 est
3640 1351 3912 1418 oospora
3933 1332 4045 1413 (‘?),
4093 1333 4208 1408 (70
4230 1334 4501 1418 amplis.)
4531 1371 4632 1383 —

1536 1436 1679 1520 Fig.
1726 1438 1766 1501 3
1809 1456 1871 1503 a.
1917 1437 2150 1503 cellula
2194 1445 2446 1521 vegeta,
2495 1437 2535 1502 b
2583 1436 2832 1521 cellula,
2877 1436 2943 1501 in
2990 1454 3117 1518 qua
3161 1434 3589 1520 cytioplasma
3631 1436 3699 1500 in
3745 1435 4004 1519 globum
4049 1441 4151 1501 est
4195 1443 4624 1520 contractum,

1541 1559 1576 1604 c
1624 1558 1916 1626 oospora,
1967 1538 2085 1623 (70
2108 1540 2403 1626 amplifi).
2446 1577 2532 1589 —
2574 1539 2718 1625 Fig.
2749 1541 2794 1605 4
2836 1559 3020 1605 aaa.
3067 1537 3338 1604 cellulae
3382 1543 3675 1622 vegetae,
3724 1537 3762 1603 b
3811 1558 4104 1623 oospora,
4152 1558 4318 1623 quae
4364 1560 4444 1605 ex
4488 1541 4629 1607 cel-

1540 1644 1672 1709 lula
1740 1643 2007 1709 matrice
2076 1642 2447 1727 extruditur,
2517 1664 2553 1710 c
2621 1642 2851 1709 eadem
2875 1699 2879 1704 .
2887 1641 3024 1729 jam
3071 1648 3351 1723 extrusa,
3398 1641 3514 1719 (70
3558 1640 3851 1726 amplifi).
3905 1678 3979 1688 —-
4030 1641 4173 1725 Fig.
4218 1645 4260 1708 5
4304 1642 4496 1726 filum,
4552 1645 4626 1709 in

1540 1747 1718 1834 cujus
1764 1767 1893 1811 una
1937 1745 2169 1812 cellula
2211 1746 2587 1813 observatur
2633 1747 2947 1827 ostiolum,
2994 1764 3114 1829 per
3167 1743 3336 1828 quod
3392 1742 3854 1811 antherozoida
3873 1745 3967 1822 (‘?)
4014 1745 4306 1811 exierunt
4328 1746 4447 1832 (‘?),
4496 1748 4628 1830 (75

1540 1848 1826 1934 amplifi).
1892 1886 1979 1898 —-
2043 1849 2188 1933 Fig.
2230 1850 2271 1915 6
2316 1851 2405 1917 fili
2452 1871 2625 1935 pars,
2670 1850 2735 1915 in
2787 1849 2967 1936 cujus
3016 1848 3250 1916 cellula
3292 1847 3508 1916 media
3552 1848 4014 1917 antherozoida
4055 1869 4131 1916 se
4171 1857 4450 1934 movent,
4495 1852 4634 1937 (75

1548 1953 1844 2038 amplifi).
1885 1989 1974 2001 —
2016 1952 2162 2037 Fig.
2213 1952 2248 2017 7
2293 1951 2793 2019 antherozoida‘?
2839 1951 3000 2037 (500
3042 1951 3333 2037 amplifi).

1726 2071 1875 2158 Fig.
1919 2073 2089 2139 8—9
2137 2071 2456 2138 Conferva
2498 2070 2792 2138 uncialis.

1455 2262 1459 2266 ,
1722 2194 1868 2278 Fig.
1920 2194 1959 2259 8
2005 2212 2242 2275 ramus,
2308 2213 2416 2257 aa
2440 2213 2498 2257 a.
2545 2192 2818 2258 cellulae
2862 2199 3154 2276 vegetae,
3202 2192 3243 2259 b
3269 2192 3307 2258 b
3332 2192 3372 2259 b
3415 2192 3686 2258 cellulae
3732 2192 4413 2277 megazoosporiferae,
4461 2193 4637 2268 (300

1392 2377 1401 2383 ο
1545 2295 1844 2382 amplifi).
1886 2336 1968 2347 —
2012 2296 2158 2381 Fig.
2204 2296 2245 2360 9
2291 2315 2858 2382 megazoosporae,
2908 2316 2967 2362 a.
3010 2297 3140 2362 500
3175 2294 3543 2381 amplificat,
3588 2302 3654 2362 et
3695 2294 3736 2361 b
3785 2296 3968 2362 1000.

1709 2416 1855 2501 Fig.
1907 2417 2161 2484 10-15
2227 2436 2583 2502 zoosporae
2629 2416 2984 2484 Confer-vae
3031 2415 3175 2481 Lini
3217 2416 3427 2482 minus
3472 2417 3767 2500 magisve
3813 2414 4234 2482 deformatae.
4279 2415 4446 2501 (500
4486 2436 4637 2480 am-

1542 2518 1793 2606 plific.).
