5107 6540
1403 538 2033 621 Osssnvlmouns
2084 544 2697 621 PnrconofflcAn.
3396 516 3492 592 ¹⁵

350 716 777 811 eitamentis,
858 736 971 791 ex.
1022 739 1133 813 gr.
1184 717 1348 792 luce
1399 737 1492 790 ex
1542 710 1838 812 speculo
1900 711 2354 810 microscopii
2368 769 2387 807 ,
2465 711 2806 790 incitatae
2879 723 3334 813 praemature
3383 717 3598 794 nimis

352 843 764 928 nascantur,
824 842 1094 910 motum
1147 857 1315 911 esse
1365 831 1787 930 languidum
1839 831 2133 927 fereque
2167 831 2674 907 molecularem
2689 890 2707 918 ,
2759 855 3030 931 easque
3062 834 3366 911 formam
3393 859 3602 913 suam

351 961 523 1028 aute
577 953 1171 1050 germinationem
1207 962 1355 1028 tum
1388 974 1645 1050 parum
1678 956 1993 1045 mutare3
2044 948 2353 1045 denique
2385 949 2634 1026 variae
2660 953 2933 1028 formae
2959 974 3596 1052 megazoosporas,

351 1079 783 1170 recuperata
828 1072 1060 1147 forma
1110 1070 1536 1166 obovoidea,
1590 1090 1822 1165 aeque
1872 1069 2088 1144 facile
2140 1067 2569 1164 germinare.

560 1189 1179 1291 Microzoosporae.
1261 1189 1564 1266 Praeter
1613 1208 2251 1285 megazoosporas,
2307 1209 2489 1283 quas
2524 1186 3057 1286 descripsimus,
3096 1186 3293 1264 aliud
3319 1210 3602 1287 quoque

355 1306 495 1382 hac
568 1307 644 1382 in
717 1308 969 1406 planta
1044 1316 1282 1386 exstat
1342 1329 1577 1404 genus
1638 1326 2151 1402 zoosporarum
2167 1362 2186 1398 ,
2263 1305 2613 1382 minorum
2668 1314 2741 1380 et
2791 1328 2951 1381 eum
3003 1306 3602 1406 microzoosporis

368 1425 569 1525 Coqt‘.
615 1428 956 1526 speciosae
1004 1428 1079 1503 in
1131 1428 1375 1508 multis
1423 1424 1997 1501 convenientium
2012 1481 2030 1518 ,
2106 1445 2329 1520 quare
2379 1444 2511 1498 eas
2561 1424 3184 1523 mierozoosporas
3229 1425 3600 1504 habemus.

356 1542 741 1640 Nunquam
818 1545 895 1620 in
969 1545 1226 1622 eodem
1305 1568 1465 1620 eum
1529 1541 2127 1640 megazoosporis
2178 1541 2322 1637 filo,
2376 1541 2510 1617 sed
2561 1542 2637 1616 in
2688 1542 2853 1618 aliis
2905 1565 3212 1641 semper,
3265 1552 3606 1641 qnantum

356 1684 493 1738 nos
544 1663 1111 1754 observavimus,
1162 1665 1576 1740 formantur.
1679 1660 1891 1736 Haec
1940 1660 2065 1735 fila
2116 1683 2329 1757 quam
2362 1683 3094 1758 megazoosporarum
3129 1671 3295 1737 sunt
3321 1685 3603 1759 quoque

358 1780 585 1856 multo
638 1783 1081 1880 angustiora,
1160 1804 1385 1880 saepe
1442 1783 1534 1856 15
1584 1779 1890 1854 Micro“··'
1939 1777 2424 1853 tantummodo
2480 1779 2652 1873 lata,
2707 1779 2986 1855 cellulis
3032 1787 3200 1855 ante
3261 1781 3604 1858 evolutio-

358 1921 523 1973 nem
601 1899 1341 1999 mierozoosporarum
1424 1898 1773 1974 diametro
1849 1898 2019 1994 2plo
2096 1896 2546 1973 brevioribus
2559 1955 2577 1990 ,
2654 1898 2801 1972 illis
2864 1897 3219 1993 formatis,
3301 1897 3608 1976 eundem

359 2018 835 2113 aequantibus
916 2019 1095 2117 (tab.
1132 2018 1259 2093 111.
1312 2019 1360 2093 f.
1403 2021 1503 2115 7).
1609 2013 1894 2092 Cellula
1970 2017 2463 2113 zoosporifera
2541 2015 2849 2112 denique
2926 2025 3299 2112 maturata,
3352 2018 3605 2095 micro·
3687 2015 3694 2024 ’

359 2157 764 2233 zoosporae
813 2137 891 2211 in
935 2134 1261 2231 globum,
1313 2134 1724 2211 indumento
1769 2133 2173 2230 gelatinoso
2209 2134 2812 2212 membraniformi
2847 2135 3199 2225 vestitum,
3263 2136 3605 2233 globatae

363 2253 647 2329 omnino
731 2263 807 2329 ut
878 2275 1519 2352 megazoosporae,
1595 2274 1728 2350 per
1796 2253 2129 2329 ostiolum
2206 2251 2383 2327 illud
2444 2253 2916 2352 punctiforme
2968 2254 3145 2347 (tab.
3181 2254 3309 2328 ΠΙ,
3365 2256 3411 2330 f.
3454 2259 3493 2329 7
3524 2264 3604 2353 a)

364 2371 849 2466 extruduntur,
902 2381 979 2447 et
1026 2371 1439 2448 indumento
1492 2378 1992 2467 evanescente,
2044 2380 2498 2469 sparguntur.
2576 2372 3208 2470 Microzoosporae
3257 2372 3606 2448 ovoideae

367 2493 463 2591 8}
518 2491 827 2566 Microv·
878 2491 1146 2588 longae
1197 2498 1272 2564 et
1323 2493 1370 2563 5
1422 2489 1727 2565 Μία-ω’·
1780 2489 1992 2582 latae,
2047 2489 2121 2564 in
2173 2491 2623 2566 extremitate
2677 2491 3045 2589 superiore
3080 2490 3245 2587 plus
3279 2491 3607 2567 minusve

364 2607 661 2705 hyalina
738 2607 909 2683 cilia
981 2608 1122 2683 duo
1174 2608 1586 2701 vibratoria,
1666 2607 1831 2705 ipsa
1896 2606 2480 2704 microzoospora
2537 2629 2762 2706 saepe
2816 2611 2985 2708 2plo
3040 2609 3389 2705 longiora,
3444 2632 3607 2709 por·

364 2732 600 2801 tantes
653 2726 827 2827 (tab.
861 2726 992 2801 ΠΙ.
1045 2727 1092 2801 f.
1132 2726 1230 2827 8).
1335 2723 1609 2802 Omnes
1643 2725 2287 2822 microzoosporae,
2345 2749 2526 2823 quas
2577 2728 2653 2802 in
2687 2750 2865 2802 vase
2899 2728 3267 2823 coluimus,
3303 2726 3611 2826 denique

367 2851 531 2918 sunt
576 2842 996 2940 dissolutae,
1049 2865 1186 2920 nec
1235 2844 1425 2920 ullas
1476 2844 1887 2940 germinare
1937 2843 2268 2919 vidimus.

565 2962 653 3036 In
706 2984 798 3037 ea
843 2962 1112 3060 planta,
1166 2985 1379 3059 quam
1431 2961 1790 3059 Upsaliae
1841 2961 2211 3048 coluimus,
2264 2961 2805 3037 observavimus
2855 2983 3098 3036 ramos
3149 2964 3224 3038 in
3275 2965 3397 3039 filo
3431 2964 3610 3040 late·

366 3080 578 3174 tales,
657 3080 1026 3178 simplices
1103 3081 1281 3174 (tab.
1318 3081 1446 3155 ΠΙ.
1496 3082 1546 3154 f.
1585 3083 1693 3175 9),
1772 3102 2071 3176 quorum
2142 3081 2475 3156 formatio
2537 3102 2630 3155 ex
2696 3079 2905 3156 icone
2957 3089 3178 3179 patet.
3282 3084 3352 3158 A
3401 3084 3611 3160 nobis

371 3199 593 3299 spurii
683 3200 1055 3276 habentur.
1204 3198 1325 3275 De
1402 3206 1644 3274 cetero
1715 3221 2331 3299 megazoosporas
2407 3197 2735 3297 ejusdem
2809 3199 3100 3298 plantae
3176 3200 3251 3276 in
3329 3202 3610 3278 cellulis

372 3319 792 3394 matricibus
841 3317 1252 3414 germinare
1298 3316 1629 3413 vidimus,
1688 3316 1880 3413 quod
1931 3325 2006 3392 et
2054 3318 2129 3392 in
2187 3319 2385 3420 Oorfff.
2437 3332 2694 3393 conata
2745 3327 2819 3394 et
2860 3318 3193 3395 affinibus
3229 3321 3613 3417 speciebus

374 3439 797 3513 observatur
848 3433 1029 3537 (Cfr.
1083 3436 1363 3511 Thuret
1410 3435 1872 3511 Recherches
1921 3436 2067 3511 tab.
2129 3440 2221 3511 18
2272 3438 2399 3534 fig.
2438 3440 2541 3532 5).

568 3556 881 3653 Propter
952 3576 1682 3652 megazoosporarum
1756 3552 1896 3627 hac
1961 3551 2036 3626 in
2096 3553 2347 3650 planta
2406 3554 2728 3630 habitum
2783 3548 3252 3649 singularem,
3309 3575 3402 3627 ex
3452 3555 3614 3631 sola

378 3675 638 3773 specie,
717 3695 937 3770 quam
1014 3672 1552 3769 descripsimus,
1630 3692 1890 3745 novum
1960 3692 2214 3767 genus,
2292 3673 2743 3748 Hormisoiae
2793 3671 3027 3765 affine,
3107 3670 3421 3747 condere
3472 3696 3615 3748 non

379 3791 817 3867 dubitamus:

1481 4132 2126 4233 Urospora
2188 4130 2491 4209 Aresoh.

585 4366 796 4441 Ολαν.
827 4393 987 4465 yon.
1048 4364 1217 4441 Fila
1249 4387 1341 4440 ex
1373 4367 1591 4442 unica
1624 4367 2038 4444 cellularum
2073 4369 2262 4444 serie
2290 4378 2715 4467 constructa,
2755 4370 3112 4469 simplicia
3147 4371 3343 4472 (raro
3373 4369 3617 4468 spurie

377 4506 715 4599 ruinosa).
820 4498 1151 4577 Cellulae
1206 4501 1510 4597 primum
1560 4504 1947 4600 long-iores,
2028 4502 2289 4578 deinde
2338 4504 2598 4580 iterata
2649 4504 3001 4580 divisione
3051 4504 3439 4599 breviores,
3493 4529 3617 4604 cy-

377 4637 832 4735 tioplasmate
880 4635 1115 4730 viridi,
1162 4637 1472 4732 granula
1523 4638 1900 4737 amylacea
1947 4637 2375 4735 includente,
2419 4640 2608 4715 intus
2641 4639 2967 4715 vestitae.
3055 4640 3617 4740 Propagationis

380 4793 682 4869 organa:
766 4770 840 4874 1)
891 4797 1451 4871 meyazoosporae
1499 4774 1804 4871 primum
1855 4772 2318 4870 obovoideae,
2374 4774 2635 4851 deinde
2684 4778 2917 4852 forma
2963 4777 3229 4863 variae,
3278 4777 3350 4852 in
3387 4784 3619 4851 extre-

380 4907 618 4982 mitate
666 4906 1037 5005 superiore
1089 4910 1138 4980 4
1188 4905 1375 4982 ciliis
1426 4908 1836 4985 vibratoriis
1887 4917 1961 4985 et
2009 4910 2080 4984 in
2117 4910 2455 4986 inferiore
2491 4911 2789 5008 cuspide
2835 4913 3058 5010 longa
3091 4910 3434 4987 aciculari
3468 4933 3618 4986 mu-

381 5042 606 5139 nitae3
689 5046 769 5139 2)
823 5045 1405 5140 mim-ozoosporae
1455 5043 1959 5140 subevoideae,
2016 5049 2062 5119 2
2117 5046 2303 5121 ciliis
2352 5045 2762 5122 vibratoriis
2813 5048 3146 5122 munitae.
3247 5046 3620 5142 Utraeque

381 5201 795 5276 zoosporae,
848 5180 924 5254 in
978 5177 1286 5275 singulis
1337 5176 1482 5253 filis
1535 5179 1884 5274 evolutae,
1946 5203 2079 5281 per
2130 5182 2458 5257 ostiolum
2506 5182 2892 5280 poriforme
2945 5183 3251 5259 cellulae
3302 5181 3619 5258 matricis

380 5312 869 5389 extruduntur.
