5107 6540
1460 603 1466 614 '
1562 599 1607 671 8
2667 609 2740 687 J.
2794 611 2880 688 E.
2934 611 3434 704 Annscnouo,

1663 795 1895 873 Varia
1945 815 2680 891 megazoosporarum
2731 790 3150 887 magnitudo
3205 790 3485 866 duabus
3521 815 3613 867 ex
3649 794 3915 884 causis,
3953 794 4141 869 alias
4175 803 4255 868 ut
4290 794 4717 890 omittamus,

1456 916 1682 992 fluere
1738 914 2036 1005 videtur,
2092 934 2391 1008 quarum
2444 911 2677 985 altera
2728 919 2843 985 est
2890 911 3200 997 filorum,
3257 933 3349 983 ex
3401 911 3659 1007 quibus
3703 913 4133 1003 emittuntur,
4189 911 4718 990 diversa.aetas

1462 1043 1538 1110 et
1587 1030 2013 1121 crassitudo,
2069 1030 2298 1105 altera
2348 1030 2644 1105 emissio
2697 1052 2943 1104 earum
2996 1039 3278 1103 matura
3327 1037 3452 1103 aut
3500 1041 3980 1127 praematura.
4069 1032 4258 1106 Nam
4296 1054 4435 1128 quo
4477 1042 4717 1109 aetate

1457 1151 1914 1252 provectiora
1989 1158 2063 1223 et
2135 1148 2498 1223 crassiora
2575 1149 2718 1241 fila,
2803 1148 2876 1222 in
2931 1148 3188 1243 quibus
3241 1147 3658 1243 gignuntur,
3712 1157 3786 1223 et
3837 1172 3979 1245 quo
4028 1150 4374 1225 maturior
4426 1151 4719 1227 emissio
4775 1164 4793 1175 ’

1460 1295 1732 1355 earum,
1784 1292 1870 1345 eo
1924 1269 2240 1364 majores
2292 1269 2674 1364 magisque
2727 1266 3056 1341 evolutae
3109 1274 3279 1340 sunt
3328 1266 3402 1340 iu
3454 1290 3726 1362 genere
3769 1289 4392 1366 megazoosporae
4429 1289 4537 1360 eo,
4576 1290 4715 1364 quo

1459 1391 1873 1465 emittuntur
1935 1387 2281 1483 temporis
2332 1393 2710 1461 momento.
2817 1384 3054 1477 Quum
3106 1407 3298 1476 vere,
3352 1384 3496 1459 filis
3548 1385 3711 1460 luce
3765 1409 3858 1460 ex
3909 1388 4204 1485 speculo
4260 1386 4718 1483 microscopii

1457 1507 1733 1584 fortiori
1811 1506 2127 1599 suffusis,
2205 1514 2658 1603 praemature
2735 1504 2947 1579 nimis
3027 1502 3509 1597 extruduntur,
3591 1527 3674 1579 se
3752 1526 4042 1579 movere
4093 1504 4543 1602 incipientes,
4598 1527 4719 1579 ve-

1457 1627 1588 1702 luti
1638 1647 2261 1722 megazoosporae
2312 1622 2587 1697 filorum
2665 1623 3079 1715 tenuiorum,
3152 1629 3320 1696 sunt
3368 1622 3786 1719 plerumque
3838 1622 4176 1697 minores.
4279 1620 4489 1715 Quae
4542 1646 4714 1698 vero

1458 1745 1534 1821 in
1588 1744 1842 1819 eadem
1896 1743 2158 1818 cellula
2203 1741 2499 1817 matrice
2552 1742 2966 1838 gignuntur,
3019 1739 3516 1837 magnitudine
3544 1750 3710 1815 sunt
3733 1741 4152 1837 plerumque
4184 1740 4416 1815 minus
4446 1741 4710 1816 variae.

1457 1862 1795 1938 Vidimus
1874 1862 2096 1959 igitur
2175 1859 2481 1957 quadam
2562 1861 2637 1933 in
2715 1861 2982 1934 cellula
3057 1881 3674 1956 megazoosporas
3759 1863 3904 1960 12}
3966 1859 4273 1934 Micro'''”·
4327 1858 4592 1955 longas
4646 1869 4718 1934 et

1465 1983 1763 2082 7÷--10
1825 1981 2132 2056 Micro‘m'·
2211 2000 2525 2071 crassas,
2599 1979 2672 2052 iu
2751 1979 2898 2053 alia
2974 1986 3224 2052 contra
3302 1976 3566 2050 cellula
3642 1979 3941 2053 matrice
4008 1981 4356 2078 17-3--20
4407 1979 4714 2055 Micr0‘³¹’

1459 2101 1725 2196 longas
1807 2107 1882 2173 et
1960 2099 2257 2198 7}—10
2325 2096 2633 2170 Micro”'''’
2688 2119 2979 2171 crassas
3017 2097 3122 2195 ¹⁶).
3227 2095 3324 2170 Se
3375 2096 3749 2171 movendis
3826 2096 4243 2192 plerumque
4322 2097 4717 2173 redduntur

1457 2217 1850 2314 longiores,
1920 2216 2441 2312 languescente
2520 2214 2826 2310 denique
2902 2223 3096 2289 motu
3172 2213 3474 2288 formam
3555 2238 3758 2291 suam
3823 2215 4127 2311 primam
4180 2225 4711 2311 recuperantes.

1460 2337 1607 2413 Sed
1662 2336 1800 2409 hac
1854 2335 1945 2409 de
1997 2357 2077 2409 re
2128 2334 2340 2431 plura
2390 2334 2595 2408 infra.

1662 2454 2281 2550 Morozoosporae.
2359 2452 3099 2547 Megazoosporarum
3135 2458 3329 2524 motu
3363 2459 3435 2523 et
3468 2449 3990 2546 germinatione
4028 2473 4547 2546 saepenumero
4585 2453 4712 2526 ob-

1462 2574 1789 2666 servatis,
1829 2571 2140 2645 vidimus
2176 2570 2360 2644 inter
2394 2570 2530 2645 has
2567 2570 2684 2643 die
2723 2574 2816 2643 28
2847 2569 3120 2665 Aprilis
3157 2566 3352 2643 aliud
3389 2590 3622 2664 genus
3658 2590 4193 2665 zoosporarum,
4232 2570 4561 2644 celeriter
4588 2595 4713 2645 na-

1458 2693 1758 2767 tantium
1797 2699 1871 2765 et
1904 2691 2272 2764 minorum.
2352 2688 2571 2765 Unde
2627 2687 3085 2785 provenerint
3120 2687 3432 2761 minores
3467 2686 3605 2761 bae
3635 2709 4055 2784 zoosporae,
4095 2711 4277 2784 quas
4313 2690 4710 2764 microzoo-

1461 2834 1720 2908 sporas
1747 2810 2219 2894 nominamus,
2257 2831 2417 2882 cum
2452 2807 2692 2882 animo
2724 2815 3237 2893 cunctaremur,
3277 2805 3417 2879 duo
3448 2803 3655 2879 nobis
3684 2828 3766 2880 se
3794 2807 4276 2902 praebuerunt
4300 2807 4539 2883 vicina
4563 2808 4712 2900 fila,

1458 2930 1533 3004 in
1586 2951 1879 3026 quorum
1925 2928 2294 3023 utriusque
2346 2926 2628 3000 cellulis
2664 2925 3024 3000 nonnullis
3057 2927 3343 3000 fuerunt
3377 2943 3776 3021 zoosporae
3811 2925 3964 2998 fere
3999 2933 4342 3018 maturae,
4379 2925 4452 2999 in
4481 2926 4709 3000 altero

1457 3048 1580 3122 filo
1635 3049 1969 3143 maiores,
2049 3045 2123 3120 in
2202 3045 2429 3119 altero
2495 3044 2829 3118 minores.
2932 3044 3043 3118 Re
3096 3044 3504 3119 accuratius
3555 3042 4013 3118 considerata
4063 3053 4277 3140 atque
4329 3067 4711 3141 perpensa,

1458 3166 1535 3240 in
1582 3165 1775 3241 illius
1827 3186 2468 3262 megazoosporas‚
2520 3170 2594 3234 et
2648 3162 2721 3235 in
2772 3162 2985 3260 hujus
3034 3163 3139 3236 fili
3190 3161 3468 3238 cellulis
3523 3162 3695 3262 (tab.
3723 3161 3780 3235 I.
3815 3163 3865 3236 f.
3901 3167 3939 3237 7
3974 3164 4050 3265 b)
4088 3163 4713 3260 microzoosporas

1460 3285 1838 3377 contineri,
1919 3284 2130 3359 nobis
2206 3306 2628 3380 persuasum
2700 3289 2830 3356 est.
2932 3280 3333 3377 Utrumque
3395 3281 3591 3355 filum
3642 3280 3972 3357 diametri
4024 3282 4383 3379 aequalis3
4457 3282 4712 3358 micro·

1314 3436 1321 3443 ’
1459 3404 2022 3501 zoosporiferum
2101 3403 2271 3476 tubo
2345 3401 2719 3475 cuticulari
2791 3422 3042 3474 crasso
3123 3408 3196 3474 et
3270 3400 3885 3496 longitudinaliter
3937 3401 4209 3495 striata,
4266 3401 4710 3497 cellulaeque

1459 3523 2200 3619 microzoosporarum
2280 3520 2617 3595 matrices
2693 3521 2961 3613 fuscae,
3041 3518 3399 3616 ellipticae
3478 3528 3604 3593 aut
3677 3520 4122 3616 sphaericae.
4245 3519 4473 3595 Paulo
4546 3529 4716 3617 post

1460 3642 2085 3738 microzoosporae
2141 3641 2211 3715 in
2267 3640 2591 3736 globum,
2640 3637 3051 3713 indumento
3102 3638 3225 3712 illo
3274 3638 3684 3733 gelatinoso
3733 3647 3807 3712 et
3839 3640 4460 3713 membraniforme
4494 3640 4714 3714 vesti-

1459 3771 1629 3845 tum,
1679 3783 1809 3857 per
1862 3759 2196 3834 ostiolum
2250 3758 2555 3833 cellulae
2608 3756 2928 3831 matricis
2980 3756 3453 3853 punctiforme
3496 3766 3832 3832 extrusae
3868 3767 4054 3832 sunt.
4143 3756 4385 3833 Globo
4421 3767 4713 3834 extruso

1461 3888 1536 3953 et
1585 3877 1985 3971 rotundato,
2041 3877 2526 3951 indumentum
2581 3875 3203 3949 membraniforme
3256 3875 3587 3949 celeriter
3639 3876 3960 3971 solvitur,
4018 3899 4158 3973 quo
4210 3879 4402 3953 facto
4457 3879 4712 3953 micro-

1459 4019 1861 4096 zoosporae
1907 4021 2040 4095 per
2093 4018 2418 4091 campum
2474 3993 2928 4090 microscopii
2980 4003 3433 4090 sparguntur.
3539 3994 4172 4092 Microzoosporae
4225 3997 4400 4084 (tab.
4435 3996 4492 4070 L
4541 3997 4591 4070 f.
4638 3996 4711 4096 8)

1459 4117 1829 4211 ovoideae,
1897 4119 1992 4216 7}
2043 4114 2350 4189 Microm
2402 4112 2670 4208 longae
2724 4119 2798 4186 et
2849 4115 2895 4186 5
2946 4112 3255 4187 Microw
3319 4113 3511 4187 latae
3546 4113 3652 4214 ¹⁸).
3742 4113 4012 4188 Earum
4066 4113 4237 4188 cilia
4289 4113 4710 4190 difficillime

1460 4236 1850 4310 observata
1895 4242 2092 4324 sunt3
2147 4232 2359 4308 modo
2413 4231 2605 4306 enim
2653 4229 2793 4305 duo
2843 4230 2917 4304 in
2969 4232 3571 4328 microzoospora,
3609 4230 3822 4305 modo
3861 4233 4129 4308 nullum
4157 4233 4490 4309 vidimus.
4542 4233 4715 4309 Duo

1459 4354 1873 4428 normaliter
1950 4353 2216 4427 adesse
2295 4350 2674 4426 credimus.
2753 4394 2853 4406 --
2928 4349 3141 4445 Ipsas
3208 4351 3834 4447 microzoosporas
3891 4352 4301 4447 germinare
4353 4374 4712 4447 nunquam

1459 4473 2022 4549 observavimus.
2130 4469 2333 4562 Quas
2412 4471 2600 4545 enim
2677 4469 2750 4543 in
2829 4491 3024 4559 vase,
3108 4477 3184 4542 ut
3259 4469 3779 4565 germinarent,
3860 4470 4232 4563 coluimus,
4297 4493 4429 4545 eae
4481 4470 4714 4547 disso-

1457 4593 1652 4667 lutae
1744 4600 1912 4666 sunt
1998 4613 2305 4688 semper.
2436 4587 2585 4665 Sed
2673 4586 2904 4684 ipsius
2990 4587 3282 4683 plautae
3373 4588 3517 4662 filis
3605 4588 3680 4661 in
3754 4588 3917 4663 loco
3995 4589 4220 4663 natali
4297 4588 4716 4685 diligentius

1459 4710 1885 4804 observatis,
1963 4708 2295 4782 iuventae
2374 4715 2540 4783 sunt
2613 4706 2918 4781 cellulae
2973 4707 3556 4805 subsphacricae,
3612 4717 3759 4783 tum
3812 4707 3959 4783 filis
4013 4707 4510 4802 adhaerentes,
4565 4719 4714 4783 tum

1638 4965 1745 5048 15)
1791 4962 2112 5029 Maximae
2181 4979 2568 5046 zoosporae,
2637 4978 2800 5043 quas
2867 4959 2930 5024 in
3006 4960 3312 5025 Ulotlwice
3365 4965 3836 5049 particillajformi
3896 4961 4060 5028 vidit
4114 4962 4236 5028 cel.
4278 4961 4496 5028 Braun
4540 4962 4580 5028 1.
4627 4983 4712 5045 c.,

1463 5071 1544 5134 10
1583 5067 1864 5134 lliicr02·m
1914 5067 2171 5149 longae.
2260 5062 2402 5129 Hae
2449 5064 2591 5128 sinc
2638 5062 3039 5128 dubitatione
3084 5064 3339 5129 suerunt
3382 5083 3958 5152 megazoosporae,
4020 5065 4101 5132 iis
4146 5074 4408 5132 nostrae
4451 5065 4713 5151 plantae

1459 5189 1759 5237 minores.

1639 5298 1751 5377 16)
1798 5293 2132 5377 Minimae,
2201 5313 2364 5378 quas
2411 5294 2478 5361 iu
2527 5297 2829 5361 Ulotlarice
2857 5299 3327 5384 penicillzjfomni
3367 5293 3530 5361 vidit
3573 5295 3709 5363 Cel.
3754 5297 3967 5363 Braun
4016 5298 4058 5365 l.
4101 5318 4187 5381 c.,
4236 5317 4588 5384 zoosporae
4634 5298 4718 5384 6}

1460 5401 1742 5468 Microm-
1791 5399 2026 5482 longae
2071 5402 2341 5464 fuerunt.
2430 5398 2596 5463 Num
2640 5396 2767 5465 hae
2817 5416 3173 5485 zoosporae
3219 5405 3369 5464 sunt
3412 5404 3674 5465 nostrae
3717 5399 4324 5486 microzoosporae‘?
