5107 6540
1546 653 1638 724 18
1736 593 1741 600 ⁴
2640 628 2711 706 J.
2765 630 2854 706 E.
2907 631 3403 727 Ansscflouo,

1436 852 1687 928 instar.
1790 849 2047 926 Altera
2097 850 2258 945 ejus
2308 857 2515 946 parte
2569 855 2773 923 extra
2819 846 3147 923 cellulam
3202 853 3512 943 extrusa,
3565 848 3798 923 altera
3839 856 4076 923 autem
4115 848 4347 925 adhuc
4379 849 4692 943 inclusa,

1436 971 1514 1045 in
1568 969 1808 1045 media
1858 991 1994 1044 sua
2040 976 2242 1065 parte
2291 968 2506 1042 nimis
2555 966 2986 1041 constrictus
3038 967 3387 1063 rumpitur
3419 974 3628 1042 totus.
3707 965 4014 1061 Deinde,
4055 967 4331 1043 duobus
4366 975 4688 1065 praeter-

1437 1089 1668 1187 lapsis
1721 1086 1995 1181 diebus,
2051 1087 2237 1161 alius
2288 1108 2573 1182 quoque
2626 1086 2908 1181 globus,
2963 1085 3425 1182 praecedenti
3474 1086 3549 1159 in
3603 1085 3932 1162 omnibus
3967 1086 4391 1180 simillimae,
4429 1084 4686 1161 eodem

1441 1208 1726 1283 omnino
1779 1204 1993 1280 modo
2045 1228 2086 1279 6
2140 1206 2400 1279 cellula
2450 1205 2748 1278 matrice
2802 1214 3136 1279 extrusus
3190 1211 3304 1278 661
3378 1204 3553 1298 (tab.
3593 1203 3718 1278 IV.
3774 1205 3821 1278 f.
3859 1209 3908 1279 4
3941 1204 4042 1306 b).
4149 1203 4312 1297 Quo
4363 1206 4560 1279 facto
4614 1204 4694 1279 in

1441 1349 1632 1422 aqua
1692 1324 2076 1399 immobilis
2145 1324 2404 1420 jacuit,
2490 1322 2910 1419 sphaericus
2975 1329 3050 1396 et
3098 1344 3499 1419 zoosporac
3571 1322 4004 1397 Vaucheriae
4054 1323 4459 1398 simillimus
4511 1324 4700 1415 (tab.

1437 1444 1567 1520 IV.
1619 1444 1667 1519 f.
1706 1447 1754 1516 4
1790 1453 1885 1532 6).
1992 1440 2562 1540 Oytioplasmate
2643 1439 3075 1516 densissimo
3151 1448 3224 1515 et
3299 1440 3770 1516 minutissime
3831 1442 4220 1538 granuloso
4273 1449 4466 1516 totus
4517 1463 4702 1517 con-

1441 1561 1646 1656 stitit,
1701 1561 2005 1636 utriculo
2056 1559 2496 1658 primordiali
2549 1559 2674 1633 vix
2726 1559 2869 1634 ullo
2920 1560 3240 1634 vestitus.
3349 1558 3591 1651 Quare
3646 1582 3807 1636 cum
3867 1560 4196 1657 oosporis
4270 1560 4703 1658 Oedoyonii,

1442 1689 1608 1755 ante
1659 1680 1909 1754 harum
1966 1677 2621 1773 foecundationem,
2677 1679 2836 1774 ejus
2889 1678 3358 1774 congruentia
3408 1678 3724 1753 maxima
3771 1679 3921 1753 fuit.
4000 1678 4198 1753 Proh
4234 1677 4467 1753 dolor!
4525 1701 4704 1753 eum

1440 1783 1705 1874 ‘diutius
1753 1799 2167 1898 perquirere
2223 1821 2365 1872 non
2431 1796 2811 1895 potuimus,
2887 1819 3049 1894 nam
3103 1805 3271 1894 post
3319 1795 3591 1893 aliquot
3637 1798 3982 1894 temporis
4032 1804 4394 1872 momenta
4442 1806 4518 1871 et
4568 1796 4702 1872 hic

1445 1925 1559 1994 est
1605 1926 1875 2016 ruptus.
1954 1918 2038 1992 In
2092 1926 2391 2013 utroque
2442 1937 2619 1990 casu
2671 1921 2840 2012 post
2887 1923 3251 2011 rupturam
3285 1923 3646 1990 restarunt
3670 1918 3830 1991 sola
3856 1914 4165 2012 granula
4191 1915 4700 2009 minutissima,

1444 2043 1603 2113 cum
1683 2035 2059 2134 zoosporis
2140 2036 2439 2110 mortuis
2513 2034 2804 2108 minime
2866 2032 3372 2129 comparanda,
3428 2034 3560 2108 sed
3614 2058 3774 2109 cum
3827 2034 4148 2131 granulis
4197 2033 4343 2108 illis
4391 2042 4709 2132 ruptura

1442 2178 1842 2253 zoosporae
1913 2153 2339 2228 Vauclzeriae
2387 2154 2659 2229 relictis
2705 2152 2966 2226 eximie
3018 2152 3505 2247 congruentia.
3610 2153 3869 2228 Plures
3921 2153 4135 2248 hujus
4188 2152 4481 2248 generis
4531 2152 4700 2248 glo-

1443 2276 1578 2350 bos
1654 2274 2069 2373 perquirere
2149 2295 2578 2369 quamquam
2657 2272 2868 2346 nobis
2947 2268 3140 2345 haud
3203 2293 3629 2347 concessum
3678 2272 3842 2365 fuit,
3899 2294 3992 2346 ex
4041 2270 4135 2345 iis
4187 2277 4448 2366 tamen,
4506 2294 4711 2368 quae

1443 2393 1770 2487 vidimus,
1828 2399 2112 2488 oportet
2161 2413 2297 2466 nos
2350 2390 2812 2466 concludere:

1649 2554 1713 2602 a.
1794 2528 2076 2623 globos,
2133 2551 2315 2624 quos
2370 2526 2903 2625 descripsimuS,
2961 2549 3119 2600 cum
3173 2548 3305 2622 per
3356 2523 3689 2598 ostiolum
3745 2549 3835 2599 ex
3889 2524 4150 2601 cellula
4201 2525 4710 2622 extrudantur,

1448 2644 1801 2743 quaedam
1877 2668 2044 2720 esse
2122 2646 2668 2745 propogationis
2749 2668 3045 2742 organa,
3129 2667 3263 2718 nec
3343 2643 3822 2741 cytioplasma
3875 2644 4177 2719 cellulae
4228 2644 4518 2720 fortuito
4574 2644 4720 2720 de-

1444 2766 1861 2858 formatum3

1652 2901 1709 2974 b.
1788 2899 1975 2993 illos,
2037 2922 2198 2974 cum
2252 2921 2496 2974 eorum
2546 2905 2844 2996 ruptura
2895 2897 3134 2974 nullae
3188 2921 3588 2996 zoosporae
3638 2897 4120 2996 apparuerint,
4176 2921 4714 2997 zoosporarum

1450 3017 1709 3116 globos
1761 3040 1903 3092 11011
1956 3040 2153 3111 6666;

1652 3182 1706 3229 c.
1784 3176 2019 3250 neque
2072 3152 2236 3226 illos
2288 3173 2802 3249 zoosporarum
2878 3152 3305 3226 Vaut-beriae
3348 3150 3614 3226 indolis
3663 3158 3876 3247 atque
3933 3159 4235 3229 naturae
4271 3176 4458 3247 esse,
4497 3152 4716 3227 nullo

1448 3296 1693 3350 eorum
1740 3282 1936 3348 motu
1989 3272 2406 3363 observat03
3933 3267 3940 3285 '

1652 3411 1718 3483 d.
1795 3410 1911 3484 his
1962 3408 2097 3483 rite
2149 3407 2547 3506 perpensis,
2626 3416 2919 3508 propter
2996 3429 3339 3502 magnam
3417 3427 3578 3479 cum
3657 3408 3893 3505 sporis
3965 3407 4449 3485 immobilibus
4524 3431 4716 3484 con-

1450 3528 1887 3624 gruentiam,
1939 3527 2105 3601 illos
2159 3549 2511 3624 oosporas
2559 3526 2936 3601 habendos
2990 3548 3175 3600 esse.

1654 3663 1843 3738 3ztio.
1948 3662 2031 3737 In
2106 3661 2250 3737 filis
2329 3663 2760 3738 observatae
2837 3673 3003 3738 sunt
3077 3660 3398 3750 cellulae,
3477 3660 3708 3733 forma
3784 3667 3856 3734 61
3917 3660 4367 3757 longitudine
4445 3686 4492 3738 a
4564 3687 4708 3736 ve-

1450 3781 1641 3877 getis
1718 3781 1843 3855 vix
1917 3779 2360 3873 recedentes,
2440 3781 2515 3854 in
2569 3782 2826 3877 quibus
2878 3780 3356 3878 cytioplasma
3405 3777 4077 3873 fusco-olivaceum,
4155 3802 4247 3854 ex
4301 3781 4479 3855 solis
4528 3804 4718 3876 gra-

1449 3899 1639 3974 nulis
1717 3899 2207 3974 minutissimis
2287 3899 2653 3995 densoque
2735 3899 3023 3997 stipatis
3102 3896 3600 3994 compositum,
3682 3904 3902 3972 totum
3975 3896 4325 3994 parietem
4391 3900 4717 3976 cellulae

1449 4017 1860 4092 interiorem
1911 4016 2279 4091 investivit
2347 4016 2519 4116 (tab,
2557 4018 2686 4094 IV.
2739 4019 2785 4092 f.
2829 4022 2864 4090 1
2906 4018 2953 4091 b
2979 4017 3079 4116 b).
3180 4016 3391 4090 Haec
3442 4015 3750 4110 granula
3802 4015 4060 4091 deinde
4114 4040 4196 4092 66
4247 4040 4540 4094 movere
4589 4020 4722 4093 in—

1452 4143 1823 4233 ceperunt,
1882 4144 1957 4210 et
2008 4136 2349 4211 nonnulla
2402 4158 2649 4210 eorum
2699 4158 2830 4233 per
2881 4135 3216 4210 ostiolum
3261 4133 3564 4208 cellulae
3615 4134 3813 4208 exire
3869 4136 4043 4223 (tab.
4079 4134 4208 4211 IV.
4257 4137 4303 4210 f.
4346 4135 4443 4237 6).
4545 4135 4713 4212 Seu

1449 4255 1672 4352 longe
1749 4254 2066 4329 maxima
2142 4276 2387 4328 eorum
2463 4275 2637 4351 pars
2716 4252 2789 4327 in
2868 4253 3131 4327 cellula
3193 4252 3492 4327 matrice
3570 4260 3892 4327 emortua
3944 4262 4073 4327 est.
4205 4251 4413 4346 Quae
4467 4279 4558 4329 ex
4608 4278 4724 4331 ea.

1454 4374 1810 4468 exierunt,
1890 4373 2158 4448 nostris
2224 4372 2465 4447 ‘oculis
2542 4394 2627 4446 se
2705 4372 3230 4447 subtraxerunt.
3333 4369 3698 4444 Nonnulla
3746 4370 4030 4467 quidem
4081 4371 4155 4445 in
4208 4396 4384 4447 vase
4437 4372 4720 4449 deinde

1453 4499 1620 4566 sunt
1664 4498 1970 4587 reperta,
2026 4489 2158 4565 sed
2208 4500 2489 4566 mortua
2539 4499 2615 4565 et
2665 4488 3250 4585 deliquescentia,
3303 4510 3438 4563 1166
3488 4510 3802 4583 unquam
3854 4491 4354 4587 germinantia.
4451 4490 4718 4583 Quan—

1449 4616 1599 4684 tum
1652 4632 1745 4683 ex
1793 4610 1907 4684 his
1961 4618 2034 4684 61
2085 4634 2176 4685 ex
2226 4611 2338 4703 iis,
2421 4632 2605 4705 quae
2682 4609 2758 4682 in
2822 4607 3084 4683 cellula
3131 4606 3428 4682 matrice
3480 4608 4027 4701 remansissent,
4081 4609 4443 4706 conjicere
4492 4611 4710 4703 licet,

1450 4728 1685 4802 forma
1763 4749 2008 4802 eorum
2086 4737 2200 4802 est
2275 4728 2613 4824 elliptica,
2696 4726 3109 4800 extremitas
3186 4726 3513 4823 superior
3582 4725 3876 4823 hyalina
3928 4735 4001 4800 et
4053 4725 4330 4802 duobus
4361 4727 4457 4830 (?)
4513 4728 4721 4804 ciliis

1452 4846 1864 4920 vibratoriis
1915 4845 2203 4921 munita.
2304 4845 2720 4943 Longitudo
2774 4867 3016 4920 eorum
3070 4843 3355 4918 circiter
3408 4848 3455 4919 5
3505 4844 3813 4919 Micromm
3869 4848 4047 4945 (tab.
4085 4845 4212 4921 IV.
4266 4845 4315 4919 f.
4360 4849 4457 4942 7).

1656 4963 1846 5037 Num
1894 4972 2060 5039 sunt
2111 4963 2563 5063 zoosporae?
2666 4964 2858 5039 Num
2909 4962 3466 5039 antherozoida‘?
3568 4963 3650 5040 Si
3701 4985 4100 5060 zoosporac
4149 4962 4294 5037 sint
4343 4962 4714 5060 habenda,

1454 5091 1748 5180 propter
1820 5081 2365 5179 germinationis
2442 5081 2846 5157 absentiam
2923 5088 3089 5156 sunt
3163 5090 3358 5155 certe
3428 5083 4075 5178 microzoosporae.
4181 5078 4403 5157 Color
4458 5090 4712 5157 autem

1358 5292 1364 5305 ,
1454 5222 1698 5275 eorum
1778 5201 2385 5276 fusco-olivaceus
2461 5201 2768 5275 suadere
2845 5198 3145 5294 videtur,
3225 5222 3316 5273 ea
3381 5199 3929 5276 antherozoida'
3974 5200 4214 5297 potius
4265 5223 4452 5295 6666,
4506 5199 4720 5297 quod

1456 5341 1737 5415 quoque
1811 5341 2278 5415 oosporarum
2352 5318 2426 5391 in
2502 5319 2753 5415 planta
2828 5319 3244 5416 praesentia
3317 5317 3842 5416 quodammodo
3919 5318 4345 5394 confirmare
4396 5315 4717 5393 videtur.

1453 5436 1562 5514 Ut
1607 5459 1730 5512 res
1779 5436 1991 5512 nobis
2039 5436 2403 5533 apparuit,
2480 5436 2584 5511 ita
2636 5460 2794 5512 eam
2847 5436 3372 5535 proposuimus.
3472 5437 3757 5531 Planta,
3813 5435 3904 5512 de
3957 5461 4102 5535 qua
4152 5434 4535 5535 quaeritur,
4589 5444 4727 5512 est
