5107 6540
1616 586 1667 657 4
2700 561 2773 639 J.
2826 563 2914 638 E.
2967 563 3465 660 Ammaous,

1513 787 1975 886 promulgata
2026 808 2222 879 esse,
2271 787 2739 882 testabuntur,
2793 796 2873 861 ut
2907 809 3313 884 speramus,
3353 787 3924 884 observationes,
3964 812 4146 888 quas
4180 810 4370 864 nunc
4402 789 4476 862 in
4514 789 4763 863 animo

1517 914 1632 981 est
1680 927 2104 1003 proponere.

1753 1023 1839 1098 In
1893 1045 2112 1121 opere
2166 1025 2386 1124 Phyc.
2441 1024 2705 1098 Scand.
2758 1050 2938 1097 mar.
2977 1025 3028 1126 ’)
3083 1024 3427 1121 inscripto
3489 1025 3872 1124 Confer-vae
3933 1025 4186 1122 generi
4247 1034 4580 1123 quattuor
4629 1023 4764 1098 ad-

1514 1139 1921 1216 scribuntur
1972 1143 2287 1240 species,
2379 1143 2579 1243 Cous.
2635 1145 3027 1242 banyioides
3077 1143 3336 1238 Ham,
3412 1143 3609 1244 Cous.
3648 1146 3948 1243 speciosa
4001 1141 4273 1239 Carm.,
4338 1145 4539 1231 Conf.
4590 1146 4763 1217 hor-

1511 1260 1771 1334 maida
1820 1260 2107 1359 Lyngb.
2163 1269 2237 1335 et
2282 1261 2480 1362 C'onf.
2504 1265 2752 1357 ‘flacco
2802 1260 3068 1355 Dillw.‚
3124 1285 3341 1360 quae,
3390 1286 3833 1361 magnopere
3885 1264 4069 1339 inter
4120 1286 4202 1339 se
4256 1263 4546 1348 affines,
4591 1284 4761 1359 per-

1512 1380 1742 1454 tinent
1821 1402 2072 1454 omnes
2148 1379 2244 1455 ad
2321 1403 2556 1477 genus
2636 1381 3223 1455 Hormou-iolcum
3299 1381 3516 1457 Kfltz.
3619 1382 3894 1458 Harum
3949 1383 4350 1481 specierum
4403 1380 4498 1456 ad
4552 1403 4762 1456 oram

1512 1497 2038 1573 Bahusiensem
2087 1520 2275 1573 anno
2334 1502 2527 1574 1863
2593 1500 2993 1574 invenimus
3072 1498 3286 1592 duas,
3366 1510 3445 1575 ut
3514 1502 3922 1600 putavimus
3958 1503 4042 1604 ⁸),
4135 1502 4332 1602 Cous.
4384 1501 4765 1599 speciosam

1518 1612 1757 1691 Carm.
1817 1626 1891 1692 et
1952 1617 2150 1717 Cous.
2202 1620 2631 1692 hoo-moialem
2681 1618 3007 1717 Lyngb.,
3062 1618 3360 1693 alteram
3415 1619 3551 1693 sub
3602 1644 3669 1694 ιι.
3731 1624 3895 1712 185,
3950 1619 4250 1695 alteram
4297 1620 4433 1695 sub
4484 1644 4553 1694 ιι.
4612 1621 4765 1692 186

1512 1735 1586 1808 in
1641 1737 1846 1834 Alqis
1901 1736 2162 1814 Scand.
2219 1741 2454 1814 eoesicc.
2509 1737 2957 1812 distributam
2994 1739 3069 1840 ⁴).
3151 1738 3220 1813 A
3271 1738 3506 1812 medio
3555 1739 3752 1835 Majo
3802 1761 4030 1835 usque
4078 1739 4149 1813 in
4203 1738 4418 1813 finem
4470 1736 4650 1812 Julii
4684 1736 4765 1810 in

1514 1863 1814 1951 utraque
1896 1854 2206 1931 vidimus
2294 1879 2806 1953 zoosporarum
2858 1880 3002 1932 non
3055 1857 3288 1932 minus
3341 1857 3817 1933 evolutionem
3872 1881 4085 1955 quam
4143 1857 4765 1954 germinationem.

1515 1972 1803 2048 Deinde
1855 1974 2239 2073 Upsaliam
2290 1976 2595 2071 reversi,
2661 1974 3045 2077 Confer-vae
3095 1990 3391 2050 zonatae
3444 1976 3645 2073 (Alg.
3675 1975 3936 2053 Scand.
3992 1999 4142 2052 exs.
4173 2002 4239 2051 ιι.
4278 1979 4456 2072 184)
4502 1997 4769 2072 sporas

1513 2093 2091 2191 perquisivimus.
2220 2095 2529 2169 Nostrae
2607 2095 2724 2170 his
2802 2095 2892 2170 de
2967 2095 3348 2193 speciebus
3402 2096 3979 2183 observationes,
4045 2117 4472 2192 quamquam
4525 2093 4767 2167 minus

1517 2212 1915 2308 completae
1968 2220 2137 2286 sunt
2188 2223 2403 2310 atque
2456 2214 2862 2308 absolutae,
2944 2237 3155 2310 quam
3232 2214 3376 2312 ipsi
3455 2214 3893 2311 optavimus,
3975 2224 4244 2306 tamen,
4311 2238 4469 2289 cum
4525 2237 4616 2287 ex
4668 2211 4767 2285 iis

1516 2353 2044 2428 cognoscamus
2099 2331 2363 2429 duplex
2412 2333 2526 2407 his
2581 2334 2654 2407 in
2706 2333 2973 2430 plantis
3027 2355 3537 2430 zoosporarum
3592 2356 3857 2430 genus,
3912 2331 4535 2429 Megazoosporas
4599 2328 4767 2403 dico

1516 2460 1589 2525 et
1640 2452 2266 2548 Microzoosporas
2301 2453 2386 2553 ⁶),
2441 2452 2650 2526 nobis
2702 2450 3031 2526 videntur
3082 2474 3221 2527 non
3274 2452 3638 2549 indiguae,
3690 2475 3875 2550 quae
3927 2452 4000 2526 in
4037 2452 4396 2549 publicam
4437 2449 4767 2524 emittan-

1516 2579 1630 2644 tur
1678 2569 1933 2644 lueem.
2034 2568 2356 2661 Quarum
2435 2570 2838 2668 plantarum
2917 2571 3444 2668 propagatione
3524 2571 3888 2668 exposita,
3971 2570 4062 2644 de
4148 2570 4496 2670 Conferva
4561 2580 4766 2640 arata

1516 2687 1762 2762 Dillw.
1816 2687 2020 2763 varia
2054 2688 2504 2786 adjiciemus,
2541 2699 2711 2788 post
2747 2689 2837 2765 de
2872 2698 3068 2765 motu
3122 2711 3635 2786 zoosporarum
3691 2688 4085 2764 disserturi.

2103 3034 2166 3104 1.
2273 3024 2823 3104 CONFERVA
2876 3028 3216 3126 speciosa
3265 3029 3432 3125 Alg.
3488 3027 3750 3106 Scand.
3799 3053 3867 3103 ιι.
3920 3030 4066 3103 185
4103 3033 4185 3124 ⁸).

1715 3215 1927 3291 Anno
2012 3215 2203 3288 1863
2257 3234 2507 3288 mense
2571 3211 2806 3310 Aprili
2861 3212 2954 3289 ad
3009 3237 3206 3290 oram
3258 3213 3779 3289 Bahusiensem
3833 3212 4094 3309 ubique
4146 3210 4440 3287 inventa
4491 3219 4633 3306 est,
4689 3210 4767 3285 in

1520 3335 1837 3435 scopulis
1891 3332 2232 3428 saxisque
2287 3331 2566 3408 sinuum
2623 3333 3056 3428 interiorum,
3112 3342 3360 3431 aperto
3388 3332 3570 3407 mari
3593 3354 3735 3408 nou
3769 3333 3982 3436 nimis
4019 3332 4368 3429 expositis
4406 3354 4771 3407 crescens.

1517 3456 1685 3532 Fila
1759 3456 1920 3551 ejus
1997 3450 2355 3549 simplicia
2392 3453 2478 3553 ⁷),
2558 3452 2854 3547 adnata,
2962 3451 3553 3549 l—-3pollicaria,
3625 3455 3935 3528 formant
3993 3451 4066 3525 in
4124 3450 4476 3546 superiori
4529 3470 4770 3546 aquae

1691 3734 1761 3820 2)
1805 3731 2134 3819 Upsaliae.
2186 3728 2372 3795 1851.
2421 3744 2486 3809 p.
2529 3725 2659 3790 204
2702 3732 2769 3792 et
2809 3745 2944 3810 seq.

1692 3858 1763 3942 3)
1807 3856 2010 3922 Immo
2076 3862 2146 3919 ut
2209 3853 2608 3939 putavimus!
2698 3853 2861 3919 Nam
2927 3851 3047 3917 has
3115 3851 3397 3938 species,
3477 3851 3817 3918 collatione
3885 3851 4301 3939 speciminum
4379 3856 4767 3921 siccatorum

1520 3962 1709 4045 sacta,
1760 3957 2188 4025 determinate
2226 3975 2330 4021 tes
2371 3955 2615 4021 lubrica
2660 3964 2762 4022 est
2805 3963 2871 4020 et
2913 3954 3125 4021 inanis
3173 3954 3514 4020 contentio.
3604 3953 3977 4039 Specierum
4022 3976 4180 4022 veta
4225 3956 4570 4023 diversitas
4615 3978 4772 4026 raro

1519 4066 1587 4132 in
1632 4062 2002 4130 cellularum
2048 4060 2511 4145 (articulorum)
2559 4058 2999 4143 magnitudine
3046 4066 3112 4124 et
3154 4059 3384 4141 forma,
3431 4056 3696 4142 saepius
3740 4066 3984 4148 autem,
4052 4067 4121 4124 ut
4163 4060 4329 4125 infra
4372 4060 4769 4146 videbimus,

1520 4168 1589 4234 in
1635 4165 1894 4231 diversa
1939 4182 2270 4249 spotarum
2314 4169 2547 4228 natura
2593 4168 2658 4226 et
2702 4162 3060 4227 evolutione
3104 4167 3206 4226 est
3248 4164 3481 4245 posita.

1692 4304 1762 4388 4)
1807 4302 1883 4367 In
1927 4299 2115 4367 tertio
2158 4299 2304 4383 Alg.
2350 4297 2590 4364 Scand.
2637 4318 2773 4364 exs.
2819 4297 3126 4364 fasciculo
3172 4295 3549 4363 distributae
3611 4303 3762 4361 sunt
3802 4316 4051 4382 quoque
4097 4298 4277 4365 Conf.
4325 4298 4624 4383 speciosa
4668 4299 4770 4381 (n.

1525 4406 1677 4493 132)
1720 4413 1785 4471 et
1828 4403 2010 4471 Conf.
2057 4398 2422 4468 hormoides
2467 4402 2559 4485 (n.
2611 4402 2785 4486 133),
2832 4420 2996 4486 quas
3040 4409 3281 4483 autem,
3331 4420 3474 4465 cum
3519 4420 3739 4466 earnm
3771 4419 4002 4486 sporas
4034 4400 4383 4468 viderimus
4415 4421 4771 4486 nunquam,

1522 4510 1645 4577 boc
1688 4510 1830 4574 loco
1873 4507 2152 4572 intactas
2198 4504 2635 4588 relinquimus.

1693 4649 1764 4734 5)
1829 4648 2377 4732 Microzoosporae
2446 4653 2597 4711 sunt
2663 4643 3203 4728 ”Microgonidia”
3269 4652 3336 4710 et
3398 4644 3953 4729 Megazoosporae
4038 4644 4594 4728 ''Macrogonidia”
4660 4647 4774 4714 At.

1521 4752 1808 4820 Braunii.
1897 4751 2222 4834 Utraeque
2266 4748 2580 4815 communi
2627 4749 2881 4814 nomine
2928 4769 2968 4814 a
3013 4747 3199 4814 nobis
3245 4748 3656 4833 appellantur
3697 4765 4072 4833 zoosporae.

1691 4879 1761 4963 6)
1814 4879 2097 4943 Ulothriae
2134 4877 2634 4962 penicillg't‘ormis,
2677 4873 2754 4939 A.
2798 4874 3034 4941 Braun.
3078 4875 3301 4958 Algar.
3349 4874 3743 4942 unicellular.
3788 4893 3937 4958 gen.
3975 4893 4098 4940 nov
4144 4894 4204 4959 p.
4229 4874 4308 4939 21
4357 4875 4449 4959 (in
4496 4876 4774 4961 notula),

1518 4986 1623 5048 est
1662 4979 1885 5047 forsan
1926 4984 2150 5044 nostra
2190 4978 2415 5062 planta
2459 4976 2563 5043 vel
2609 4977 2864 5062 species
2917 4976 3065 5044 huic
3108 4978 3348 5063 affinis,
3397 4997 3546 5043 nam
3591 4984 3857 5062 utraque
3902 4976 3967 5042 in
4015 4977 4229 5042 multis
4271 4977 4597 5061 convenit,
4636 4998 4770 5063 qua

1519 5081 1605 5151 de
1647 5102 1719 5149 re
1762 5084 1951 5168 plura
1991 5081 2180 5148 infra.

1697 5201 1763 5283 Ἰ)
1806 5199 1953 5266 Fila
2027 5202 2361 5267 Ulothaeiois
2412 5203 2929 5286 penieiuiformis,
3001 5217 3130 5266 sec.
3200 5199 3337 5265 Cel.
3381 5198 3594 5263 Braun
3663 5197 3705 5264 l.
3752 5217 3839 5279 e.‚
3909 5196 4189 5261 ”ramulo
4254 5215 4378 5262 uno
4441 5197 4778 5263 alterove’'

1517 5304 1850 5373 instructa.
1938 5302 2013 5368 Ῑιι
2080 5309 2302 5369 nostra
2367 5321 2552 5368 veros
2619 5321 2836 5369 ramos
2882 5321 3006 5368 non
3054 5300 3351 5369 vidimus.
3439 5302 3513 5367 In
3560 5299 3685 5366 filis
3742 5297 3982 5366 adsunt
4033 5306 4248 5365 tamen
4298 5318 4781 5386 saepenumero

1523 5405 1633 5471 fila
1666 5404 1943 5492 Juniora‚
1992 5426 2071 5472 ex
2118 5405 2639 5491 megazoosporis
2685 5405 3192 5489 germinantibus
3236 5410 3460 5470 exorta
3506 5421 3849 5488 ramosque
3894 5402 4285 5469 simulantia.
