5107 6540
1642 536 1736 608 14
2704 504 2776 582 J.
2829 508 2916 584 E.
2970 509 3469 611 Assnsououc,

1533 745 1829 813 extrusa
1911 737 2081 839 (tab.
2133 737 2262 811 [Π.
2315 738 2363 810 f.
2402 740 2447 811 3
2483 736 2582 838 a).
2695 739 3220 837 Nonnunquam
3298 744 3371 819 in
3449 745 3713 821 cellula
3782 749 4079 824 matrice
4147 757 4424 825 restare
4501 751 4753 830 videtur

1534 857 1709 958 (tab.
1758 857 1887 931 ΠΙ.
1939 857 1985 930 f.
2026 859 2072 929 2
2107 854 2205 956 a).
2309 855 2429 930 An
2480 857 2780 931 nucleus
2834 858 2930 931 sit
2981 860 3303 954 cellulae,
3383 860 3623 937 dicere
3701 888 3844 939 non
3922 866 4270 943 audemus
4306 868 4416 969 ²⁸).
4522 869 4750 948 Talem

1533 974 1922 1050 vesiculam
1971 973 2049 1048 in
2115 975 2460 1074 Conse-va
2510 1000 2736 1068 mea,
2806 977 3180 1075 zoosporis
3233 980 3541 1075 emissis,
3593 990 3873 1059 restare
3921 994 3996 1059 et
4043 984 4201 1061 Cel.
4259 985 4545 1062 Thuret
4577 995 4655 1078 ²⁴)
4692 999 4752 1065 et

1531 1114 1667 1167 nos
1717 1092 1860 1191 ipsi
1910 1094 2165 1167 testari
2215 1115 2622 1193 possumus.

1733 1210 2037 1287 Postero
2091 1209 2230 1302 die,
2281 1211 2623 1286 nonnulla
2675 1233 2834 1285 cum
2885 1212 3012 1287 fila
3063 1215 3198 1290 sub
3244 1215 3720 1314 microscopio
3781 1217 4019 1316 posita
4077 1220 4415 1317 tulissent,
4471 1225 4752 1321 singulis

1530 1353 1623 1405 ex
1672 1328 1952 1405 cellulis
2003 1328 2360 1425 modoque
2413 1329 2778 1428 descripto
2858 1331 3128 1428 singuli
3216 1335 3487 1408 extrusi
3540 1342 3706 1409 sunt
3754 1357 4265 1434 zoosporarum
4318 1343 4551 1438 globi,
4605 1368 4752 1441 quo-

1528 1472 1683 1523 rum
1736 1471 2154 1545 zoosporae,
2208 1457 2405 1523 motu
2455 1450 2917 1524 vivacissimo
2968 1449 3361 1548 praeditae,
3409 1475 3552 1527 uno
3603 1455 3756 1529 fere
3806 1455 3949 1530 ictu
3991 1479 4124 1553 per
4155 1482 4486 1557 campum
4523 1464 4749 1539 micro·

1529 1568 1763 1665 scopii
1814 1591 2117 1666 sparsae
2169 1575 2353 1643 sunt
2457 1567 2619 1643 Has
2663 1576 2987 1664 tempore
3038 1578 3438 1667 opportuno
3491 1580 3700 1648 natas
3744 1575 3991 1667 fuisse,
4038 1576 4204 1671 ipsa
4238 1579 4590 1674 celeritas,
4627 1605 4751 1678 qua

1528 1692 1985 1781 nataverunt,
2064 1687 2227 1761 visa
2295 1693 2409 1761 est
2469 1686 2740 1761 testari.
2845 1684 3014 1762 Jam
3078 1688 3153 1762 in
3218 1688 3481 1763 cellula
3532 1691 3828 1766 matrice
3882 1692 4054 1795 (tab.
4090 1695 4218 1769 ΠΙ.
4273 1697 4320 1771 f.
4360 1698 4440 1798 4)
4489 1701 4751 1775 suerunt

1527 1805 1900 1902 longiores
1959 1826 2171 1900 quam
2224 1803 2394 1877 illae
2443 1826 2864 1903 zoosporae‚
2921 1828 3102 1901 quas
3155 1805 3687 1905 descripsimus,
3744 1820 3815 1883 et
3868 1834 4007 1907 quo
4061 1812 4327 1894 diutius
4361 1816 4752 1914 perduravit

1533 1932 1788 2016 motus,
1842 1947 1929 2000 eo
1981 1923 2352 2019 longiores
2406 1930 2572 1997 sunt
2619 1925 2877 2016 factae,
2931 1932 3006 1999 et
3052 1923 3360 2022 denique
3403 1927 3636 2001 forma
3687 1952 3928 2003 earum
3980 1932 4112 2005 fuit
4159 1956 4602 2032 magnopere
4626 1936 4751 2010 sin·

1530 2044 1825 2141 gularis.
1930 2043 2122 2117 Nam
2200 2041 2527 2138 superior
2605 2064 3006 2140 zoosporae
3082 2045 3498 2119 extremitas
3547 2046 3681 2119 fuit
3732 2046 3987 2122 similis
4038 2051 4509 2127 brevissimae
4559 2077 4749 2152 pyra-

1528 2161 1732 2252 midi,
1811 2163 1888 2236 in
1966 2161 2174 2259 apice
2228 2168 2560 2255 quattuor
2611 2161 2778 2236 cilia
2828 2162 3235 2254 vibratoria,
3292 2164 3581 2260 angulis
3636 2166 3986 2262 opposita,
4057 2176 4356 2265 portans
4425 2172 4598 2273 (tab.
4635 2172 4749 2247 m

1527 2283 1574 2356 f.
1615 2286 1660 2356 5
1697 2282 1744 2355 b
1771 2282 1818 2355 b
1847 2281 1939 2381 c).
2047 2277 2315 2355 Cetera
2392 2279 2551 2374 ejus
2626 2301 2798 2375 pars
2876 2289 3030 2356 tota
3105 2282 3399 2356 inferior
3457 2282 3706 2357 habuit
3762 2283 4294 2361 similitudinem
4347 2311 4510 2364 cum
4560 2312 4754 2385 pyra-

1526 2398 1719 2475 mide
1770 2397 2117 2473 lateribus
2169 2396 2559 2471 incurvatis
2613 2396 2946 2474 deorsum
2999 2423 3230 2494 versa,
3283 2401 3503 2496 longe
3551 2408 3935 2495 attenuata,
4000 2405 4514 2502 cuspidemque
4572 2407 4752 2481 illam

1516 2520 1675 2616 jam
1728 2516 2158 2614 descriptam
2210 2517 2287 2590 in
2340 2517 2791 2591 extremitate
2867 2528 3218 2615 portante,
3300 2519 3663 2615 utriusque
3738 2520 4136 2617 pyramidis
4201 2523 4500 2600 basibus
4553 2549 4753 2623 oppo-

1530 2639 1691 2713 sitis
1729 2637 1900 2737 (tab.
1936 2635 2066 2710 111.
2118 2636 2167 2709 f.
2207 2638 2252 2708 5
2287 2636 2335 2709 b
2364 2635 2411 2708 b
2441 2643 2534 2730 c).
2589 2635 2674 2710 In
2709 2635 3116 2732 hujusmodi
3152 2639 3529 2736 zoosporis
3558 2637 3782 2713 sectio
3808 2642 4312 2717 transversalis
4342 2652 4455 2717 est
4488 2665 4754 2739 semper

1527 2753 2127 2853 quadrangularis
2166 2755 2342 2847 (tab.
2370 2753 2498 2828 IH.
2553 2756 2600 2828 f.
2642 2759 2687 2829 5
2725 2779 2767 2829 c
2795 2755 2901 2853 d).
2954 2755 3368 2852 Longitudo
3398 2780 3641 2831 earum
3673 2765 3746 2831 et
3771 2758 4090 2855 cuspidis
4128 2764 4427 2835 25-30
4464 2760 4752 2834 Mimo·-

1528 2883 1600 2949 et
1649 2873 1962 2947 maxima
2012 2871 2314 2946 latitudo
2359 2875 2438 2973 73
2559 2877 2602 2947 8
2637 2873 2964 2948 Micro'ffl.
3067 2875 3274 2950 Hora
3321 2876 3839 2975 praeterlapsa,
3893 2886 4272 2974 postquam
4323 2880 4753 2953 extremitate

1526 2991 1896 3089 superiore
1948 3012 2029 3064 se
2080 2990 2226 3065 filis
2276 2991 2580 3086 infigere
2631 2994 3060 3090 coepissent,
3110 2994 3342 3070 omnis
3394 3017 3637 3069 earum
3687 3005 3922 3069 motus
3974 2996 4310 3071 substitit.
4376 2994 4540 3089 Quo
4575 2998 4748 3072 facto

1525 3111 1898 3206 formaque
1949 3107 2352 3183 obovoidea
2403 3119 2846 3207 recuperata,
2897 3112 3163 3209 incepit
3224 3136 3470 3188 earum
3531 3113 3981 3209 germinatio,
4048 3138 4189 3210 qua
4239 3115 4746 3213 progrediente,

1528 3230 1773 3329 cuspis
1845 3227 2021 3322 (tab.
2054 3227 2185 3303 111.
2241 3227 2290 3301 f.
2333 3232 2374 3302 6
2414 3251 2460 3302 a
2486 3253 2532 3304 a
2559 3237 2636 3325 a)
2689 3230 2993 3328 primum
3048 3230 3478 3329 deperditur,
3556 3241 3630 3307 et
3690 3231 3951 3307 deinde
4004 3235 4320 3330 sequitur
4371 3256 4754 3333 zoosporae

1523 3351 1600 3425 in
1651 3349 1894 3447 plures
1948 3347 2246 3422 cellulas
2301 3345 2562 3421 divisio
2619 3349 2795 3445 (tab.
2831 3350 2959 3424 m.
3013 3352 3061 3424 f.
3103 3355 3146 3425 6
3183 3351 3230 3425 b
3259 3353 3304 3427 b
3331 3353 3433 3447 b).

1729 3468 2122 3563 Postquam
2175 3469 2272 3540 50
2332 3466 2617 3541 circiter
2668 3469 2971 3544 cellulae
3049 3471 3385 3545 matrices
3453 3471 3866 3545 emisissent
3913 3470 4048 3544 has
4092 3493 4510 3568 zoosporas,
4567 3495 4752 3569 quas,

1527 3589 1823 3685 cognita
1876 3609 2120 3659 earum
2157 3585 2698 3680 germinatione,
2738 3610 3352 3685 megazoosporas
3388 3589 3754 3664 nominare
3788 3589 4050 3682 licebit,
4088 3612 4275 3664 nunc
4303 3592 4749 3685 obovoideas,

1524 3731 1713 3783 nunc
1761 3709 1917 3780 fere
1967 3701 2475 3803 pyramidales‚
2529 3703 2776 3778 ultimo
2829 3705 3061 3779 visum
3113 3715 3228 3781 est
3277 3707 3821 3805 phaenomenon
3873 3707 3990 3782 die
4040 3712 4078 3780 7
4133 3706 4329 3799 Julii‚
4389 3732 4523 3785 nec
4558 3709 4751 3784 ultra.

1526 3823 1734 3918 Quae
1768 3833 1913 3898 tum
1950 3833 2165 3898 natae
2196 3831 2362 3896 sunt
2386 3843 3026 3918 megazoosporae,
3062 3847 3194 3899 eae
3224 3848 3381 3900 cum
3411 3826 3711 3923 cuspide
3743 3828 4143 3927 17-2—-22}
4167 3826 4471 3901 Micro'·¹'·
4502 3828 4752 3924 longae

1525 3953 1597 4020 et
1637 3947 1729 4046 7}
1766 3944 2071 4018 Mioromr
2121 3944 2311 4016 latae
2347 3941 2646 4030 fuerunt,
2698 3941 3016 4017 sectione
3057 3946 3526 4020 transversali
3563 3969 3748 4020 nunc
3783 3945 4115 4019 circulari
4152 3946 4323 4047 (tab.
4349 3947 4475 4021 HI.
4514 3948 4560 4021 f.
4591 3951 4637 4021 5
4664 3958 4749 4040 e),

1522 4087 1713 4138 nunc
1767 4059 2326 4159 quadrangulari
2406 4059 2579 4160 (tab.
2618 4058 2747 4132 111.
2795 4061 2841 4133 f.
2882 4064 2927 4134 5
2966 4060 3079 4155 d),
3159 4062 3371 4137 modo
3447 4071 3730 4158 teretes,
3794 4062 4004 4138 modo
4067 4064 4574 4162 pyramidales,
4626 4066 4753 4139 hoc

1524 4190 1760 4257 autem
1813 4180 1886 4253 in
1938 4202 2113 4253 casu
2163 4178 2612 4251 extremitate
2692 4179 3058 4274 superiore
3109 4182 3492 4256 rotundata
3543 4182 3719 4276 (tab.
3756 4181 3883 4255 111.
3933 4182 3982 4254 f.
4022 4187 4066 4256 5
4105 4205 4152 4255 a
4187 4205 4233 4255 a
4259 4182 4363 4284 a),
4413 4206 4550 4258 nec
4603 4185 4750 4257 bre-

1525 4301 1823 4376 vissime
1897 4295 2348 4396 pyramidali.
2449 4295 2650 4370 Motu
2710 4319 2953 4371 earum
3007 4299 3212 4373 tardo
3269 4309 3341 4374 et
3391 4302 3543 4373 fere
3595 4299 4011 4373 moleculari
4061 4300 4281 4392 finito,
4336 4303 4754 4396 germinatio

1526 4418 1865 4513 incoepta
1916 4425 2046 4490 est.

1727 4534 1846 4609 Ex
1894 4534 2009 4608 his
2062 4531 2399 4627 sequitur,
2479 4552 3095 4630 megazoosporas
3157 4534 3230 4608 in
3283 4558 3364 4608 se
3415 4533 3790 4609 movendis
3842 4535 4140 4608 formam
4193 4544 4469 4610 mutare
4520 4537 4753 4633 hujus-

1525 4678 1663 4752 que
1714 4652 2174 4727 mutationem
2228 4671 2313 4722 eo
2367 4649 2709 4744 majorem
2765 4673 2950 4745 esse,
3031 4675 3171 4748 quo
3240 4652 3545 4727 celerius
3598 4676 3681 4727 se
3731 4661 4097 4747 moveant3
4170 4653 4235 4726 si
4288 4656 4606 4730 externis
4656 4657 4755 4728 in-

1696 4936 1809 5020 23)
1855 4935 1931 4999 In
1980 4934 2162 5020 Oonf.
2207 4938 2496 5018 speciosa,
2540 4932 2606 4997 in
2653 4932 2833 5019 cujus
2877 4933 3123 5000 cellulis
3168 4934 3418 5017 vegetis
3461 4936 3835 5001 observatur
3876 4935 4192 5002 interdum
4224 4937 4488 5003 nucleus
4518 4936 4753 5020 (tab.1.

1522 5041 1564 5105 f.
1599 5038 1828 5120 1-2),
1876 5036 2067 5117 nulla,
2116 5041 2417 5118 quantum
2462 5034 2757 5119 vidimus,
2804 5036 3090 5101 vesicula
3135 5055 3275 5100 eum
3321 5038 3658 5121 zoosporis
3703 5038 4074 5122 extruditur,
4123 5058 4329 5123 neque
4360 5040 4425 5104 in
4461 5042 4755 5126 Conferva

1522 5153 1762 5215 zonam,
1824 5139 1890 5203 in
1957 5158 2086 5222 qua
2148 5157 2291 5202 eam
2358 5136 2518 5202 vidit
2584 5135 2868 5202 Schacht
2923 5137 3287 5220 (Lehrbuch
3334 5136 3450 5204 der
3492 5140 3908 5225 Physiologie
3953 5143 4013 5207 2.
4059 5162 4122 5226 p.
4169 5142 4345 5224 221).
4432 5142 4749 5225 Extrusio,

1523 5243 1716 5309 immo
1759 5241 2103 5312 existentia
2147 5240 2285 5324 ejus
2331 5258 2408 5304 eo
2453 5246 2758 5323 tempore,
2806 5259 2929 5323 quo
2975 5247 3260 5305 maturae
3305 5248 3454 5307 sunt
3496 5262 3872 5327 zoosporae,
3915 5243 4170 5309 fortuita
4212 5244 4481 5311 videtur.

1695 5367 1807 5453 24)
1851 5363 2260 5433 Becherches
2306 5386 2416 5432 sur
2457 5366 2553 5432 les
2599 5386 2948 5451 zoospores
2994 5366 3111 5434 des
3157 5369 3400 5452 Algues
3447 5368 3575 5435 tab.
3627 5371 3705 5434 17
3749 5370 3790 5436 f.
3822 5371 3872 5435 1.
3905 5369 3967 5437 d.
