5107 6540
178 2519 181 2576 l

178 2583 179 2636 1

1423 537 2056 635 Onssnvsnonss
2106 555 2721 635 Pnrconomcss.
3493 558 3542 630 5

380 757 621 832 limite
674 780 931 834 zonam
986 756 1308 850 viridem,
1363 758 1545 833 duos
1599 754 1827 854 pedes
1873 754 2158 830 circiter
2192 753 2433 846 altam,
2488 777 2680 831 nunc
2713 756 3108 833 accedente
3141 758 3326 834 mari
3360 759 3436 835 in
3471 783 3662 858 aqua

378 875 841 971 fluctuantia,
923 900 1113 952 nunc
1127 936 1144 969 ,
1226 877 1480 953 eodem
1531 873 1915 951 recedente
1932 930 1950 966 ,
2008 882 2133 948 aut-
2179 872 2526 948 undarum
2579 896 2744 949 rore
2794 875 3131 971 irrorata,
3186 886 3314 953 aut
3360 901 3661 977 prorsus

380 996 672 1070 siccata
722 1018 1044 1092 saxoque
1097 995 1569 1092 adglutinata-
1669 992 1884 1068 Hanc
1936 992 2334 1067 siccitatem
2384 993 2632 1091 plures
2667 1016 2799 1090 per
2833 993 2992 1069 dies
3027 996 3348 1092 perferre
3382 1006 3657 1095 potest,

384 1136 589 1210 aqua
640 1112 873 1190 denuo
927 1116 1205 1190 suffusa
1250 1116 1372 1189 vel
1422 1114 1760 1203 irrorata,
1825 1111 2047 1186 veluti
2097 1110 2461 1186 Lichenes
2511 1109 2702 1187 Jove
2752 1112 3123 1210 pluvioso,
3177 1115 3656 1208 reviviscens,

382 1254 794 1329 zoosporas
844 1233 1102 1307 iterum
1158 1232 1432 1308 datura.
1499 1229 1679 1306 Inde
1733 1253 1992 1304 revera
2041 1230 2410 1326 amphibia
2466 1239 2613 1324 est,
2661 1253 2780 1325 eo,
2836 1253 3047 1327 quem
3085 1231 3417 1329 diximus,
3464 1258 3656 1311 anno

384 1359 606 1425 extra
657 1349 1214 1449 Gothoburgum
1268 1353 1365 1427 ab
1416 1350 1652 1448 Aprili
1702 1370 1952 1423 mense
2004 1370 2233 1445 usque
2286 1348 2357 1423 in
2410 1347 2685 1424 Julium
2737 1351 3168 1448 persistens,
3225 1350 3487 1428 d'einde
3539 1354 3658 1430 hic

386 1469 437 1544 l.
474 1469 633 1543 illic
685 1471 1140 1567 proveniens,
1197 1479 1321 1546 aut
1371 1469 1657 1545 omnino
1712 1466 2129 1542 desiderata
2159 1473 2240 1561 ⁸).

607 1586 1059 1685 Quamquam
1124 1592 1282 1687 ejus
1330 1588 1459 1662 fila
1510 1609 1726 1683 quam
1793 1609 1883 1661 ea
1946 1587 2146 1685 Conf.
2198 1585 2578 1658 kormoidis
2654 1584 2824 1682 Alg.
2881 1586 2996 1664 Sc.
3047 1610 3201 1664 exs.
3251 1613 3320 1663 n.
3381 1592 3524 1664 186
3580 1589 3656 1665 in

387 1729 671 1803 genere
723 1717 890 1782 sunt
961 1709 1326 1783 crassiora
1373 1716 1446 1781 et
1492 1705 1855 1802 longiora,
1923 1714 2161 1779 tamen
2239 1702 2614 1799 longitudo
2681 1725 2927 1780 eorum
2980 1714 3193 1803 atque
3252 1707 3654 1784 crassitudo

386 1826 679 1900 variant
750 1826 875 1920 ita,
957 1836 1036 1901 ut
1110 1826 1202 1901 de
1263 1835 1598 1922 utraque,
1667 1822 1857 1920 quod
1912 1824 2317 1898 absolutum
2371 1822 2498 1915 sit,
2556 1822 2698 1897 dici
2751 1834 3084 1920 nequeat.
3187 1825 3660 1923 Longissima

385 1947 597 2019 3—4
647 1945 952 2043 pollices
1009 1969 1172 2020 raro
1227 1943 1616 2034 excedunt,
1669 1942 1981 2041 plurima
2023 1949 2261 2016 autem
2310 1949 2477 2016 sunt
2517 1942 2871 2017 breviora.
2926 1942 3356 2021 Crassitudo
3412 1968 3659 2022 eorum

382 2063 548 2137 fere
625 2064 863 2160 magis
938 2073 1052 2140 est
1135 2064 1355 2139 varia.
1459 2062 1629 2138 Fila
1692 2062 1765 2135 in
1816 2062 2026 2135 funes
2104 2069 2458 2153 contorta,
2540 2083 2698 2134 cum
2755 2060 2829 2135 in
2881 2062 2975 2136 iis
3027 2085 3431 2159 zoosporae
3483 2087 3657 2140 non-

387 2179 564 2255 dum
643 2184 975 2257 evolutae
1051 2191 1245 2277 sunt,
1324 2182 1368 2256 i.
1419 2204 1480 2256 e.
1535 2189 1772 2256 aetate
1826 2179 2060 2254 minus
2130 2188 2503 2275 provecta,
2587 2179 2932 2256 diametro
2994 2184 3297 2257 20--50
3350 2182 3657 2260 Micro'”'·

386 2299 816 2396 plerumque
868 2310 1202 2397 aequant.
1309 2299 1518 2394 Quae
1574 2321 1745 2374 vero
1782 2320 2182 2396 zoosporas
2206 2300 2361 2395 jam
2393 2295 2609 2371 edere
2637 2297 3058 2398 inceperunt
3084 2300 3395 2398 indeque
3420 2312 3658 2380 aetate

385 2421 845 2516 provectiora
948 2428 1116 2495 sunt
1213 2418 1580 2502 habenda,
1693 2440 1785 2492 ea
1871 2420 2172 2491 33—90
2223 2416 2275 2517 ⁹)
2340 2416 2649 2491 Micro·”·¹
2747 2420 3042 2517 saepius
3133 2428 3301 2496 sunt
3380 2445 3654 2498 crassa.

388 2536 639 2633 Ipsam
745 2538 1164 2612 cellularum
1274 2541 1440 2635 (sev
1540 2537 2037 2630 articulorum)
2138 2535 2659 2630 longitudinem
2762 2559 2920 2611 cum
3020 2537 3398 2614 latitudine
3497 2541 3657 2642 (sev

391 2655 907 2758 crassitudine)
983 2679 1227 2731 earum
1308 2656 1375 2732 si
1443 2655 1978 2746 contulerimus,
2060 2654 2365 2728 similem
2446 2653 2851 2729 videbimus
2930 2655 3385 2753 varietatem,
3465 2661 3656 2737 aliae

391 2774 584 2850 enim
693 2775 998 2851 cellulae
1091 2776 1262 2873 2plo
1337 2777 1384 2850 1.
1464 2774 1633 2872 4plo
1712 2773 2059 2848 diametro
2140 2782 2307 2848 sunt
2389 2773 2789 2869 longiores,
2895 2774 3084 2849 aliae
3187 2778 3659 2876 longitudinis

390 2892 744 2967 diametro
809 2895 1216 2990 aequantis,
1299 2902 1372 2969 et
1424 2892 1498 2967 in
1561 2892 1921 2967 nonnullis
1974 2891 2275 2967 latitudo
2329 2890 2852 2987 longitudinem
2905 2901 3015 2967 ter
3067 2906 3380 2991 superat.
3484 2897 3657 2973 Plu-

391 3012 591 3088 ribus
666 3013 1017 3111 exemplis
1092 3036 1234 3087 non
1320 3034 1503 3108 opus
1587 3020 1717 3085 est.
1826 3010 1988 3102 Quo
2070 3018 2309 3085 aetate
2388 3011 2875 3107 provectiora,
2950 3034 3037 3087 eo
3089 3014 3448 3090 crassiora
3493 3026 3661 3093 sunt

393 3154 679 3227 quoque
730 3131 874 3205 fila.
957 3129 1409 3226 Quamquam
1458 3130 1647 3204 enim
1699 3138 1918 3205 totam
1974 3129 2420 3224 singulorum
2472 3129 2749 3204 filorum
2807 3132 3284 3207 evolutionem
3319 3137 3658 3233 persequi

392 3250 604 3325 nobis
683 3248 877 3324 haud
956 3270 1382 3324 concessum
1454 3249 1622 3337 fuit,
1696 3270 1946 3324 omnes
2024 3255 2297 3335 tamen,
2378 3270 2561 3344 quas
2615 3247 2961 3343 diximus,
3018 3249 3508 3349 diversitates,
3564 3278 3656 3331 ex

392 3379 633 3444 aetate
714 3378 788 3444 et
863 3390 956 3442 ex
1033 3367 1320 3443 diverso
1396 3367 1811 3442 cellularum
1870 3366 2299 3441 evolationis
2352 3375 2542 3442 statu
2598 3367 2946 3465 pendere,
3023 3370 3353 3447 omnibus
3405 3386 3657 3470 patere

396 3487 776 3562 credimus.
880 3487 1147 3562 Forma
1221 3487 1641 3562 cellularum
1695 3485 1988 3560 easdem
2046 3486 2139 3559 ob
2202 3508 2462 3560 causas
2542 3487 2767 3560 varia.
2874 3485 3236 3577 Quamdiu
3291 3491 3477 3565 enim
3533 3516 3655 3568 ve-

396 3616 615 3701 getae
653 3606 746 3707 ⁹·)
802 3613 996 3692 sunt,
1048 3606 1244 3680 filum
1297 3605 1559 3680 iterata
1611 3603 1964 3678 divisione
2024 3603 2314 3699 longius
2375 3604 2782 3699 reddentes,
2840 3605 3113 3681 tamdiu
3148 3608 3656 3705 cylindraceae

394 3734 559 3799 sunt
609 3725 1051 3823 plerumque.
1154 3724 1455 3821 Incepta
1504 3730 1743 3797 autem
1792 3722 1866 3796 in
1918 3721 2011 3796 iis
2063 3744 2576 3819 zoosporarum
2628 3724 3085 3818 formatione,
3160 3726 3464 3803 induunt
3514 3731 3658 3807 sibi

394 3844 696 3918 formam
752 3864 977 3940 saepe
1030 3843 1420 3940 ellipticam
1493 3850 1617 3915 aut
1675 3843 1828 3916 fere
1881 3840 2367 3937 sphaericam,
2422 3850 2495 3915 et
2543 3841 2733 3916 hanc
2782 3851 2930 3917 tum
2983 3846 3439 3940 praesertim,
3495 3871 3651 3923 cum

397 3961 701 4036 cellulae
782 3962 1105 4059 proxime
1182 3961 1499 4054 vicinae,
1563 3959 1851 4034 emissis
1905 3982 2146 4033 earum
2203 3961 2612 4058 zoosporis,
2666 3984 2940 4035 vacuae
2993 3971 3177 4037 sunt.
3284 3963 3364 4041 Si
3417 3976 3652 4043 autem

397 4082 533 4156 hae
591 4080 896 4155 cellulae
948 4080 1231 4155 vicinae
1284 4079 1834 4178 cytioplasmate
1884 4077 2222 4152 incolumi
2276 4079 2600 4175 repletae
2642 4088 2839 4174 sunt,
2893 4080 3321 4178 interposita
3371 4086 3653 4185 cellula,

396 4201 469 4276 in
520 4224 668 4297 qua
718 4221 1120 4297 zoosporae
1170 4199 1585 4290 formamus,
1635 4205 1750 4271 est
1795 4196 2259 4294 cylindracea
2309 4195 2426 4270 vel
2478 4195 2735 4270 leniter
2786 4197 3055 4273 inflata.

566 4611 637 4695 8)
683 4611 989 4696 Tempus,
1036 4629 1163 4694 quo
1208 4607 1532 4674 invenitur
1575 4605 1739 4672 haec
1769 4606 2008 4691 planta,
2045 4614 2162 4688 est,
2196 4614 2264 4672 ut
2294 4605 2633 4691 credimus,
2668 4630 2795 4675 non
2824 4629 3082 4695 semper
3105 4608 3295 4694 idem,
3331 4632 3481 4676 nam
3513 4613 3653 4700 ejus

399 4720 743 4799 proventus
789 4713 1029 4778 exteris
1076 4711 1412 4777 momentis
1484 4716 1658 4775 certe
1726 4707 2206 4775 determinatur.
2295 4712 2481 4777 Anno
2534 4712 2699 4777 1863
2745 4712 3011 4798 copiosa
3056 4721 3242 4779 extra
3288 4713 3653 4781 Gothobnr-

404 4837 580 4900 gum,
628 4816 816 4882 annis
868 4816 1031 4881 1864
1075 4820 1139 4879 et
1188 4815 1355 4880 1865
1399 4811 1631 4879 iisdem
1676 4813 1741 4879 in
1785 4812 1946 4879 locis
1992 4816 2229 4878 frustra
2273 4815 2569 4897 quaesita
2614 4821 2734 4880 est.

573 4937 642 5022 9)
687 4933 1055 5002 Secundum
1102 4933 1237 4999 Cel.
1283 4933 1498 4998 Brann
1547 4932 1587 4998 l.
1634 4951 1689 4998 c.
1736 4941 1886 4998 sunt
1936 4934 2265 4998 Ulotlaricia
2296 4937 2791 5020 penicillzfmmis
2836 4933 2946 5001 fila
2990 4944 3225 5019 vegeta
3274 4936 3654 5026 16ξ---2Ἷῑζ4

404 5040 675 5105 Μία-θ’·
743 5045 810 5105 et
874 5037 1192 5123 sporifera
1256 5035 1558 5120 40-66}
1614 5035 1892 5100 Micro'ffl'·
1973 5054 2218 5100 crassa.
2307 5034 2513 5113 Quam
2584 5037 2648 5102 in
2716 5046 2936 5103 nostra
2979 5039 3200 5124 planta
3248 5048 3397 5106 sunt
3440 5043 3656 5129 itaque

404 5144 719 5229 tenuiora3
767 5160 932 5225 qnae
977 5146 1192 5204 tamen
1239 5145 1342 5203 est
1384 5138 1568 5223 parvi
1614 5139 1918 5204 momenti
1964 5137 2345 5203 differentia.

569 5269 686 5349 9a)
754 5267 1039 5353 Vegetas
1106 5268 1511 5333 nominamus
1574 5267 1872 5351 cellulas,
1938 5287 2104 5353 quae
2169 5267 2404 5334 iterata
2460 5267 2780 5337 divisione
2835 5267 3222 5357 dividuntur,
3268 5270 3335 5337 in
3389 5272 3657 5340 cellulas

405 5372 747 5457 sporifetas
791 5369 1075 5437 nondum
1118 5375 1603 5435 transmutatae.
