5107 6540
1390 566 2017 646 Osssavnronss
2068 567 2687 646 PuroonoomAs.
3394 551 3486 622 17

364 759 540 834 tione
591 755 832 849 finitis,
904 755 1210 831 cellulae
1262 754 1671 852 superiores
1726 760 1799 829 et
1847 775 2226 852 supremae
2278 759 2445 827 sunt
2495 775 2707 848 quam
2760 751 3137 827 inferiores
3186 751 3312 827 vix
3358 749 3598 847 longi-

365 900 534 953 ores.
639 872 1065 950 Crassitudo
1116 896 1364 948 earum
1414 873 1730 948 maxima
1778 873 1967 948 inter
2022 875 2167 948 160
2204 877 2278 946 et
2317 874 2459 946 170
2494 865 2802 947 Micro'··¹
2855 869 3108 945 variat.
3168 870 3285 946 Ex
3312 869 3594 945 cellulis

363 1015 706 1070 ramorum
782 991 1019 1067 ubivis
1094 999 1359 1067 exeunt
1430 990 1570 1067 duo
1622 992 1668 1066 l.
1718 991 1930 1090 plura
1980 989 2107 1064 fila
2137 990 2225 1091 ²⁷)
2278 990 2501 1064 multo
2556 988 2881 1064 tenuiora
2932 987 3105 1090 (tab.
3140 987 3270 1064 IV.
3321 989 3371 1061 f.
3413 992 3451 1062 1
3484 988 3555 1089 c)
3571 1043 3592 1082 ,

366 1114 456 1186 40
501 1110 808 1185 Hier-0¹⁸¹·
865 1107 1152 1184 circiter
1202 1108 1606 1205 aequantia,
1659 1131 1849 1185 nune
1900 1107 2277 1207 simplicia,
2346 1130 2535 1183 nunc
2583 1130 2877 1184 ramosa
2924 1106 3388 1204 articulisque
3440 1104 3596 1180 dia-

362 1237 573 1304 metro
622 1227 794 1325 4plo
847 1227 894 1300 l.
945 1228 1114 1325 6plo
1166 1227 1637 1324 longioribus,
1692 1249 1903 1303 veros
1937 1226 2230 1325 plantae
2266 1249 2509 1302 ramos
2543 1224 3046 1326 implectentia,
3083 1223 3274 1300 unde
3307 1223 3594 1300 habitus

362 1346 473 1421 ille
519 1345 982 1442 spongiosus,
1030 1369 1171 1443 quo
1225 1369 1310 1421 se
1362 1346 1720 1423 interdum
1770 1345 2001 1421 induit
2050 1346 2317 1445 planta.

563 1463 916 1562 Oosporae
951 1470 1066 1561 ²⁸).
1172 1465 1386 1541 Anno
1443 1469 1636 1540 1843
1692 1487 1853 1540 cum
1916 1464 2339 1563 particulam
2412 1465 2612 1564 Confi
2666 1478 2905 1540 arctae
2954 1489 3102 1541 var.
3153 1462 3594 1537 vanem-iao-

343 1583 595 1682 sorms's
643 1583 778 1657 sub
827 1583 1306 1681 microscopio
1384 1583 1900 1682 posuissemus,
1982 1583 2086 1659 nil
2146 1582 2456 1659 vidimus
2506 1583 2695 1658 inter
2745 1584 3040 1683 plantae
3088 1604 3349 1674 ramos,
3403 1578 3595 1678 quod

364 1723 640 1798 sporam
692 1700 1124 1776 nominares.
1229 1701 1377 1779 Sed
1426 1712 1595 1801 post
1644 1701 1985 1777 dimidiae
2036 1702 2259 1778 horae
2306 1701 2650 1801 spatium,
2706 1724 2868 1778 cum
2913 1700 3338 1799 particulam
3396 1699 3597 1774 illam

363 1820 488 1894 sub
558 1819 1039 1918 microscopio
1116 1828 1604 1896 remanentem
1683 1820 1918 1897 denuo
1994 1821 2412 1916 viseremus,
2477 1822 2688 1919 plura
2740 1821 2903 1897 visa
2952 1827 3118 1897 sunt
3166 1817 3600 1916 corpuscula

362 1937 1101 2036 sphaerico-emptica,
1156 1960 1363 2035 quae,
1417 1961 1680 2036 sporae
1732 1940 2136 2016 immobiles
2187 1941 2450 2034 habita,
2505 1942 2697 2017 unde
2739 1940 3113 2016 venissent
3152 1947 3302 2014 tam
3337 1938 3595 2025 subito,

362 2055 801 2132 nescivimus.
904 2056 1021 2131 Ea
1071 2079 1163 2131 ex
1213 2057 1540 2155 apicibus
1591 2057 1872 2133 filorum
1924 2059 2251 2156 abruptis
2304 2059 2561 2157 elapsa
2603 2059 2849 2153 fuisse,
2887 2056 3148 2132 deinde
3180 2064 3432 2132 nostra
3463 2055 3598 2129 fuit

362 2174 592 2270 opinio
632 2174 752 2274 ⁸⁹),
808 2197 995 2271 quae
1043 2198 1229 2250 nunc
1280 2175 1472 2250 falsa
1521 2175 1822 2251 videtur.
1924 2177 2115 2252 Nam
2167 2178 2350 2253 haec
2401 2169 2847 2277 corpuscula,
2903 2199 3200 2274 quorum
3252 2174 3596 2250 evolutio-

361 2314 511 2365 nem
564 2293 980 2389 perquirere
1031 2302 1177 2368 tum
1228 2293 1438 2368 nobis
1489 2305 1831 2391 negatum
1883 2296 2047 2390 fuit,
2102 2318 2456 2395 oosporas
2505 2297 2754 2392 fuisse,
2820 2318 2913 2371 ex
2954 2293 3595 2388 observationibus,

361 2432 534 2505 quae
588 2419 998 2506 sequuntur,
1054 2414 1470 2509 conjectura
1517 2412 1801 2488 videtur
1849 2414 2266 2512 probabilis.

550 2529 764 2603 Auno
841 2533 1035 2604 1862
1115 2553 1364 2606 mense
1443 2530 1642 2628 Majo
1717 2532 1792 2606 in
1867 2541 2078 2630 portu
2126 2532 2637 2610 Marestrandii
2690 2531 2924 2607 denuo
2970 2531 3284 2626 inventa,
3338 2528 3597 2606 dubias

359 2644 518 2720 illas
596 2668 856 2743 sporas
939 2646 1324 2744 diligenter
1373 2649 1785 2747 perquirere
1836 2650 2045 2726 nobis
2098 2652 2621 2750 proposuimus.
2724 2650 2979 2747 Itaque
3031 2649 3348 2747 plantam
3402 2656 3477 2724 et
3526 2649 3603 2723 in

364 2787 528 2839 vase
607 2766 873 2840 cultam
930 2773 1004 2840 et
1053 2789 1094 2840 e
1147 2768 1328 2842 mari
1378 2778 1708 2842 recenter
1757 2768 2181 2845 exhaustam
2233 2768 2551 2866 quotidie
2599 2778 2768 2844 ante
2818 2769 3067 2843 horam
3122 2776 3451 2843 octavam
3493 2767 3601 2841 in·

365 2882 741 2978 speximus.
846 2884 1033 2960 Post
1080 2885 1355 2982 aliquot
1405 2884 1563 2962 dies
1613 2885 1690 2961 in
1741 2908 1833 2960 ea
1882 2886 2310 2963 observatae
2362 2897 2530 2964 sunt
2582 2886 2887 2963 cellulae
2930 2887 3235 2985 triplicis
3285 2885 3600 2983 generis,

362 3023 643 3099 nempe:

558 3126 621 3194 1.
670 3191 677 3196 ,a
732 3116 1065 3195 Cellulae
1116 3126 1282 3215 (sev
1335 3121 1681 3218 articuli),
1762 3145 2061 3218 quarum
2136 3131 2329 3198 totus
2405 3123 2650 3221 paries
2703 3125 2999 3200 interior
3049 3124 3600 3224 cytioplasmate

364 3236 590 3333 viridi,
668 3237 1000 3335 granulis
1078 3239 1473 3339 amylaceis
1551 3241 1941 3318 nitentibus
2018 3239 2389 3341 adsperso,
2470 3242 2773 3321 vestitus
2839 3252 2969 3320 est.
3074 3243 3240 3319 Hae
3293 3267 3338 3318 a
3389 3242 3600 3319 nobis

363 3354 638 3431 habitae
692 3364 860 3431 sunt
910 3356 1214 3432 cellulae
1266 3368 1598 3455 vegetae,
1672 3360 1933 3435 iterata
1993 3359 2348 3435 divisione
2400 3360 2699 3436 ulterius
2753 3359 3183 3438 dividendae
3237 3364 3415 3458 (tab.
3467 3362 3598 3439 IV.

365 3475 407 3548 f.
447 3482 509 3566 1,
541 3478 605 3569 3,
645 3479 699 3549 4
735 3499 782 3550 a
808 3499 854 3549 a
882 3475 979 3577 a).

557 3599 625 3669 2.
709 3592 1057 3689 Cellulae,
1111 3594 1184 3669 in
1238 3597 1497 3692 quibus
1550 3594 2030 3696 cytioplasma
2062 3594 2239 3671 illud
2274 3597 2506 3674 viride
2539 3598 2875 3674 formavit
2898 3600 3213 3702 globum,
3252 3599 3601 3677 diametro

370 3716 709 3788 75—100
772 3713 1083 3788 Mimo-¹·
1141 3724 1595 3812 aequantem,
1672 3715 1795 3811 qui
1868 3713 2084 3790 modo
2169 3718 2495 3813 granulis
2570 3719 2718 3795 illis
2769 3720 3163 3819 amylaceis
3214 3720 3605 3796 nitentibus

366 3841 649 3908 ornatus
728 3833 862 3907 fuit
939 3833 1113 3936 (tab.
1149 3833 1279 3910 IV.
1330 3835 1378 3909 f.
1417 3836 1462 3908 2
1500 3856 1566 3929 a,
1618 3834 1668 3908 f.
1707 3837 1752 3908 3
1790 3832 1899 3936 b),
1980 3833 2193 3912 modo
2269 3835 2384 3912 his
2438 3859 2698 3913 carens
2747 3861 2840 3913 ex
2886 3837 3383 3916 minutissimis
3434 3863 3607 3936 gra-

363 3948 544 4025 nulis
618 3961 957 4027 constare
1037 3960 1152 4028 est
1226 3953 1428 4027 visus
1508 3952 1687 4046 (tab.
1721 3950 1852 4026 IV.
1905 3953 1951 4027 f.
1991 3956 2036 4027 3
2075 3954 2167 4055 c).
2271 3953 2678 4053 Utrumque
2751 3957 3048 4053 globum
3114 3960 3604 4034 contractione

367 4069 739 4167 sphaerica
788 4070 1021 4167 ipsius
1072 4070 1645 4169 cytioplasmatis
1694 4069 2000 4145 cellulae
2036 4072 2354 4148 matricis
2407 4081 2730 4150 exortum
2780 4076 3026 4172 fuisse,
3075 4100 3217 4153 non
3255 4075 3605 4152 dubitavi-

366 4210 537 4271 mus,
587 4189 788 4265 illum
840 4190 1185 4286 nuperius
1241 4190 1640 4284 formatum,
1693 4189 1880 4263 hunc
1917 4199 2175 4283 autem,
2230 4193 2556 4288 granulis
2593 4194 2986 4291 amylaceis
3024 4196 3390 4293 resorptis,
3436 4218 3606 4271 mox

368 4306 435 4381 iu
506 4331 798 4405 sporam
876 4317 1003 4382 aut
1071 4307 1148 4382 in
1222 4329 1619 4406 zoosporas
1670 4306 2022 4383 abiturum
2074 4308 2325 4404 fuisse,
2380 4309 2777 4409 opinantes.
2884 4311 3097 4405 Quod
3149 4334 3310 4389 cum
3363 4313 3601 4390 auimo

368 4425 831 4512 volveremus,
884 4448 1019 4524 per
1068 4426 1406 4502 ostiolum
1459 4426 1633 4529 (tab.
1668 4426 1798 4502 IV.
1848 4427 1896 4502 f.
1936 4432 1981 4501 2
2017 4426 2096 4530 b)
2150 4428 2457 4503 cellulae
2512 4429 2832 4505 matricis
2882 4429 3003 4505 hic
3054 4431 3319 4527 globus
3352 4433 3609 4509 leniter

368 4543 692 4641 lenteque
770 4544 1097 4644 protrudi
1192 4544 1490 4644 incepit,
1596 4566 2329 4644 megazoosporarum
2398 4547 2473 4622 in
2561 4547 2908 4646 Covfferva
2982 4549 3332 4625 inmaidi
3402 4552 3605 4649 globi

534 4809 651 4887 27)
704 4808 861 4874 Veri
924 4807 1088 4874 rami
1151 4807 1320 4875 iufra
1383 4805 1748 4890 geniculum
1804 4807 2199 4893 superiorem
2243 4809 2494 4876 articuli
2540 4809 2608 4876 in
2651 4808 2781 4876 filis
2825 4808 3145 4897 primariis
3187 4824 3440 4903 exeunt,
3485 4838 3611 4886 nec

368 4931 637 4997 unquam
678 4910 896 4978 medio
941 4930 1022 4976 ex
1065 4911 1354 4994 articulo,
1403 4915 1472 4975 ut
1512 4907 1678 4976 haec
1722 4909 1834 4975 fila
1876 4910 2188 4976 tenuiora.

534 5038 649 5120 28)
699 5037 845 5103 Hoc
893 5036 1090 5107 verbo
1146 5037 1586 5122 significamus
1651 5036 1855 5124 idem,
1925 5036 2095 5134 quod
2160 5037 2297 5106 Cel.
2339 5037 2749 5123 Pringsheim
2791 5040 2858 5106 in
2905 5044 3291 5125 Oodoqom‘iae,
3348 5066 3609 5135 sporam

368 5160 594 5227 nempe
637 5139 1043 5208 immobilem.

534 5261 653 5343 29)
696 5260 898 5346 Phyc.
940 5258 1179 5327 Scaud.
1225 5279 1381 5326 mar.
1428 5279 1494 5346 p.
1538 5261 1688 5328 201.

756 5385 904 5437 Nova
936 5388 1068 5436 Aeta
1101 5386 1227 5452 neg.
1264 5386 1380 5439 Soc.
1416 5386 1499 5439 Se.
1539 5386 1687 5455 upa„
1726 5390 1805 5440 111
1842 5389 1948 5441 ser.
3152 5395 3183 5440 ε
