5107 6540
1415 501 2042 581 Onsnssvntonns
2094 505 2710 584 PnrcoLonAn.
3469 508 3561 579 19

424 711 622 778 certe
694 702 987 801 proprio
1062 700 1545 780 adscribenda
1620 701 1900 798 generi,
2006 701 2198 799 quod
2267 700 2384 777 his
2463 702 2998 786 characteribus
3051 708 3666 786 circumscribere

423 844 796 900 conamur:

1314 1096 2397 1198 spongosipnonia
2460 1093 2763 1171 Aresch.

628 1296 937 1374 Thallus
1014 1321 1106 1373 ex
1176 1300 1390 1378 unica
1465 1299 1879 1376 cellularum
1956 1299 2145 1376 serie
2197 1308 2672 1394 constructae,
2723 1322 3076 1378 ramosus.
3181 1301 3509 1379 Oellulae
3557 1302 3665 1380 ,iu-

414 1432 723 1508 seriores
801 1434 1191 1531 breviores,
1278 1438 1685 1535 superiores
1738 1443 1813 1510 et
1863 1457 2242 1533 supremae
2293 1435 2661 1532 longiores
2713 1436 2758 1510 l.
2812 1437 3304 1533 longissimae,
3358 1436 3666 1533 denique

418 1589 697 1662 omnes,
779 1568 982 1644 finita
1057 1592 1301 1645 earum
1380 1571 1754 1667 divisione,
1834 1572 1987 1645 fere
2054 1571 2553 1667 aequilongae,
2607 1572 3157 1670 cytioplasmate
3201 1571 3441 1665 viridi,
3499 1595 3666 1668 gra·

416 1703 593 1777 nula
665 1703 968 1779 nitentia
1041 1707 1419 1804 amylacea
1493 1706 1918 1798 includente,
1997 1706 2191 1781 intus
2266 1707 2597 1781 vestitae.
2709 1707 3274 1804 Propagationis
3352 1730 3665 1804 organa:

429 1841 506 1934 1)
559 1865 887 1937 oosporae
935 1840 1123 1916 intra
1173 1842 1507 1916 cellulam
1561 1842 1879 1918 solitarie
1914 1844 2284 1934 formatae,
2338 1865 2471 1939 per
2516 1841 2849 1918 ostiolum
2885 1843 3271 1940 poriforme
3307 1850 3663 1937 extrusae,

419 1973 885 2070 sphaericae3
968 1980 1049 2075 2)
1105 1978 1600 2053 antherozoida
1677 1979 2015 2077 elliptica,
2094 1980 2317 2071 fusca,
2397 1977 2676 2054 duobus
2706 1977 2803 2081 (?)
2859 1979 3044 2053 ciliis
3097 1979 3508 2054 vibratoriis
3561 1979 3666 2052 in-

418 2115 718 2201 structa,
763 2110 837 2184 in
889 2111 1167 2187 cellulis
1214 2114 1526 2212 propriis
1577 2137 1971 2212 parumque
2023 2114 2315 2188 mutatis
2369 2113 2693 2208 formata,
2732 2113 3026 2189 mobilia
3060 2122 3132 2189 et
3164 2137 3295 2210 per
3330 2114 3665 2189 ostiolum

416 2244 811 2339 poriforme
864 2247 1333 2343 egredientia.
1437 2249 1765 2348 Utraque
1818 2274 2095 2347 organa
2145 2249 2217 2323 in
2273 2247 2527 2323 eadem
2582 2249 2849 2347 planta.

732 2387 1369 2489 Spongosiphonia
1419 2409 1618 2469 arcta
1671 2396 2006 2493 (Dium).

732 2505 1096 2584 Conferva
1145 2521 1348 2586 arcta
1405 2513 1638 2589 Dilew.
1690 2528 1754 2589 et
1802 2516 2136 2589 Auctorr.
2170 2560 2274 2570 —
2308 2514 2595 2586 Aresch.
2633 2514 2794 2610 Aly.
2836 2513 3100 2587 Scand.
3140 2539 3273 2587 eoes.
3309 2542 3379 2587 n.
3422 2513 3587 2589 129.

629 2647 922 2746 Speciei
967 2653 1154 2726 bene
1208 2656 1541 2750 cognitae
1594 2656 2073 2754 descriptione
2108 2652 2433 2730 uberiori·
2458 2675 2602 2726 non
2638 2673 2819 2748 opus
2856 2660 2986 2746 est,
3024 2674 3257 2748 neque
3292 2676 3385 2726 an
3419 2652 3666 2750 plures

420 2765 683 2841 eodem
740 2770 1024 2845 nomine
1080 2773 1420 2847 confusae
1473 2775 1617 2850 sint
1668 2776 1972 2873 species,
2027 2776 2101 2849 in
2160 2774 2395 2848 animo
2450 2779 2565 2845 est
2616 2769 3035 2866 disquirere.
3137 2769 3327 2845 Nam
3380 2770 3668 2868 species

418 2894 592 2959 ante
648 2889 1011 2984 cognitam
1066 2913 1438 2989 sporarum
1495 2893 1972 2968 evolutionem
2025 2891 2520 2983 determinare,
2577 2897 2692 2964 est
2725 2911 2907 2986 opus
2940 2888 3017 2962 in
3045 2885 3425 2963 Conservis
3452 2889 3668 2985 plane

418 3002 719 3079 irritum.
806 3007 1063 3106 Neque
1098 3009 1388 3086 habitus
1440 3034 1704 3109 earum,
1753 3035 1888 3087 nec
1925 3010 2339 3086 cellularum
2365 3030 2704 3083 mensura
2731 3016 2943 3104 atque
2970 3005 3390 3102 magnitudo
3418 3007 3666 3102 magni

419 3128 594 3195 sunt
644 3127 1013 3220 momenti,
1095 3127 1285 3224 quod
1364 3153 1645 3226 quoque
1725 3131 2342 3229 Sponyommphae
2391 3127 2611 3201 Kiitz.
2664 3128 3038 3222 subgenus
3089 3125 3343 3199 testari
3393 3132 3662 3221 potest,

420 3240 540 3315 cui
588 3265 635 3315 a
687 3240 840 3319 Cel.
896 3254 1189 3321 auctore
1263 3245 1632 3349 adscripta
1708 3258 1822 3324 est
1901 3250 2117 3324 etiam
2197 3247 2544 3348 Conserva
2596 3245 2917 3331 uncialis,
2970 3265 3399 3340 quamquam
3451 3243 3666 3340 hujus

418 3362 974 3457 propagationis
1029 3388 1326 3462 organa,
1381 3375 1459 3441 ut
1510 3391 1677 3441 mox
1728 3367 2153 3453 videbimus,
2214 3368 2306 3441 ab
2350 3366 2495 3441 illis
2552 3364 3195 3464 Sponyoszphoniae
3226 3386 3667 3461 magnopere

422 3478 830 3554 abhorrent.

693 3779 761 3850 5.
867 3774 1417 3853 CONFERVA
1467 3778 1775 3854 uncialis
1825 3777 1936 3852 Fl.
1992 3775 2179 3850 Dan.
2208 3821 2310 3832 -
2346 3774 2516 3870 Alg.
2574 3770 2836 3850 Scand.
2895 3795 3045 3847 exs.
3100 3795 3167 3847 n.
3229 3773 3392 3845 130.

634 3978 862 4056 Secus
916 4003 1115 4057 oram
1169 3979 1699 4058 Scandinaviae
1751 3979 2215 4056 occidentalis
2267 3981 2419 4054 fere
2463 3984 2709 4069 totam,
2751 3975 3355 4077 Sponqosiphonia
3391 3975 3667 4071 saepis-

427 4099 610 4172 sime
663 4099 1066 4193 comitante,
1120 4098 1191 4172 in
1248 4100 1601 4196 superiori
1652 4123 1883 4197 aquae
1935 4098 2157 4175 limite
2211 4097 2487 4188 crescit,
2544 4101 2624 4169 ut
2673 4118 2835 4170 cum
2885 4096 3013 4170 illa
3048 4094 3138 4169 ob
3173 4092 3488 4167 habitum
3516 4094 3668 4167 fere

430 4217 738 4291 similem
814 4216 1029 4290 facile
1108 4218 1525 4292 commutari
1600 4218 1852 4316 possit.
1955 4216 2288 4313 Utraque
2365 4214 2574 4304 notis,
2660 4212 2919 4309 quibus
2995 4210 3240 4286 nititur
3298 4211 3666 4306 subgenus

436 4336 1007 4433 Sponyommpha
1085 4335 1324 4431 Kiitz„
1402 4337 1588 4412 bene
1640 4335 1990 4433 congruit.
2092 4334 2352 4410 Modus
2430 4333 2652 4426 enim,
2733 4353 2873 4427 quo
2936 4330 3093 4424 fila,
3161 4326 3666 4424 adjuvantibus

432 4455 654 4529 maris
731 4452 1083 4548 fluctibus,
1163 4454 1650 4552 intorqventur
1719 4464 1790 4530 et
1852 4455 2377 4553 implectuntur,
2455 4451 2531 4525 in
2606 4458 2910 4546 utraque
2963 4456 3076 4522 est
3125 4448 3277 4521 fere
3328 4446 3519 4522 idem
3555 4452 3666 4539 ³⁰).

425 4572 613 4664 Fila,
694 4594 909 4666 quam
965 4572 1622 4673 Sponyosiphoniae,
1701 4581 1866 4649 sunt
1912 4574 1985 4648 in
2040 4595 2310 4670 genere
2359 4569 2707 4645 tenuiora.
2813 4564 3140 4642 Cellulae
3190 4565 3566 4643 inferiores
3615 4568 3664 4643 l.

435 4691 716 4765 mediae
770 4699 936 4766 sunt
987 4691 1335 4768 diametro
1389 4694 1558 4792 2plo
1594 4693 1982 4790 longiores,
2029 4694 2075 4767 l.
2110 4688 2560 4788 longitudine
2599 4685 2829 4762 eidem
2867 4684 3230 4783 aequales,
3262 4685 3667 4783 superiores

432 4820 507 4883 et
557 4832 936 4907 supremae
987 4810 1289 4909 primum
1344 4834 1558 4907 quam
1613 4812 1786 4886 illae
1860 4812 2251 4908 longiores,
2332 4808 2661 4903 denique,
2740 4805 2943 4879 finita
2994 4826 3238 4879 earum
3292 4803 3662 4902 divisione,

431 4929 934 5024 aequilongae.
1023 4929 1257 5004 Totus
1307 4930 1550 5027 paries
1600 4953 1841 5007 earum
1893 4930 2188 5006 interior
2239 4927 2787 5028 cytioplasmate
2821 4923 3008 4997 laete
3042 4920 3286 5017 viridi,
3344 4926 3666 5019 granulis

430 5046 826 5144 amylaccis
903 5047 1179 5145 sparsis
1257 5056 1330 5120 et
1403 5047 1789 5123 nitentibus
1843 5058 2113 5143 ornat0,
2167 5045 2469 5122 vestitus
2523 5050 2638 5118 est
2691 5041 2866 5143 (tab.
2899 5036 3027 5114 IV.
3080 5039 3128 5114 f.
3170 5045 3213 5115 8
3252 5050 3350 5139 a).
3453 5041 3666 5118 Rami

604 5318 722 5401 30)
766 5317 924 5405 Ejus
969 5319 1052 5386 de
1097 5323 1317 5389 formis
1362 5323 1474 5390 cfr.
1518 5323 1720 5409 Phyc.
1766 5323 2004 5391 Scand.
2048 5342 2207 5389 mar.
2249 5344 2312 5410 p.
2358 5327 2504 5392 201.
