5107 6540
599 1314 1936 1433 OBSERVATIONES
2061 1313 3302 1440 PHYGOLOGIGAE

1781 1697 2112 1749 AUCTORE

1453 1872 1537 1927 J·
1595 1867 1681 1925 Ε.
1734 1866 2422 1926 ABESCHOUG

1596 1970 1718 2006 nor.
1756 1971 1912 2006 Pnor.
1951 1971 2276 2006 erasmi-:ssu

1586 2268 1681 2319 ΡΑ
1688 2269 1997 2321 R'I'ICULA
2057 2270 2288 2321 PRIMA

975 2437 1125 2513 DE
1209 2436 2118 2514 CONFERVACEIS
2195 2438 2904 2517 NONNULLIS.

326 2951 694 3066 Plurimae
773 3015 819 3065 a
899 2988 1053 3065 Cel.
1111 2990 1349 3086 Agar
1364 2989 1469 3064 dh
1507 2989 1558 3092 ¹)
1677 2990 2059 3090 Confmae
2135 2990 2387 3085 generi
2483 2989 2893 3087 adscriptae
2946 2991 3260 3088 specieS,
3343 2990 3576 3065 solam

329 3134 565 3184 earum
635 3111 1113 3184 anatomicam
1196 3119 1622 3184 structuram
1704 3110 1769 3183 si
1820 3108 2278 3207 respicimus,
2338 3109 2590 3184 intimo
2651 3110 3021 3184 affinitatis
3072 3109 3360 3183 vinculo
3412 3131 3582 3182 con-

328 3232 642 3306 sociatae
698 3252 864 3305 esse
916 3229 1265 3304 videntur.
1373 3229 1561 3304 Tam
1612 3252 1881 3325 magna
1932 3236 2044 3303 est
2105 3229 2290 3302 enim
2345 3228 2421 3302 in
2474 3228 2566 3303 iis
2619 3236 3015 3303 structurae
3070 3226 3572 3322 congruentia,

326 3362 397 3424 ut
446 3349 777 3425 absentia
855 3358 978 3423 aut
1054 3349 1470 3447 praeseutia
1520 3371 1914 3439 ramorum,
2000 3347 2412 3422 cellularum
2488 3348 3014 3443 (articulorum)
3067 3345 3442 3440 longitudo
3501 3354 3576 3420 et

326 3469 654 3551 latitudo,
712 3478 785 3541 et
836 3490 1018 3563 quae
1073 3477 1358 3540 ceterae
1416 3466 1561 3540 sint
1612 3467 1816 3540 leves
1873 3465 2361 3557 diversitates,
2444 3465 2538 3539 ad
2589 3466 2726 3540 hoc
2779 3489 3011 3562 genus
3061 3466 3136 3539 in
3187 3464 3397 3563 plura
3448 3487 3576 3561 ge-

325 3612 493 3661 nera
552 3586 1013 3660 dividendum
1078 3586 1383 3659 idoneae
1463 3609 1601 3659 non
1659 3584 1941 3682 possint
1996 3584 2267 3658 haberi.
2375 3582 2590 3675 Quod
2639 3584 2924 3680 quidem
2991 3585 3573 3682 Chaeronwrpha‚
3657 3666 3664 3675 .

328 3707 856 3779 Rhizoclonium
912 3713 983 3777 et
1044 3702 1487 3801 Cladoplzora
1540 3704 1758 3778 claris
1813 3703 2162 3800 exemplis
2217 3703 2654 3777 confirmant..
2682 3748 2782 3759 -—
2815 3702 2954 3777 His
3008 3714 3243 3777 autem
3297 3712 3570 3799 tempo-

325 3826 546 3915 ribus,
616 3824 873 3920 quibus
925 3834 1176 3898 nostra
1228 3821 1317 3896 de
1369 3823 1693 3921 partibus
1748 3822 2075 3917 algarum
2128 3822 2513 3896 fructiferis
2568 3821 2920 3919 cognitio,
2973 3822 3368 3919 praeclaris
3424 3823 3572 3898 illis

327 3943 853 4032 Al.Brauuii‚
907 3942 1359 4025 Derbesii‚
1415 3939 2055 4035 Pringsheimii
2095 3940 2594 4014 etThuretii
2637 3940 2912 4035 studiis,
2948 3953 3090 4015 tam
3123 3964 3566 4037 magnopere

330 4085 719 4159 progressa
797 4069 942 4155 est,
1024 4050 1127 4132 de’
1188 4058 1566 4135 Conservis
1652 4082 1934 4156 quoque
2015 4067 2385 4155 comperta
2461 4059 2809 4134 habemus
2866 4061 3113 4153 multa,
3169 4083 3261 4134 ex
3313 4059 3569 4155 quibus

328 4182 661 4277 sequitur,
698 4180 831 4253 has
886 4188 1242 4253 structura
1301 4188 1445 4253 tam
1506 4180 1688 4253 bene
1742 4186 2221 4273 congruentes
2270 4177 2652 4277 Confervae
2712 4181 3030 4275 species,
3080 4188 3291 4252 notas
3344 4201 3566 4274 gene-

328 4301 513 4374 ricas
596 4323 687 4373 ex
765 4299 1292 4396 propagatione
1369 4297 1667 4371 haustas
1741 4298 1806 4370 si
1882 4296 2225 4394 petimus,
2303 4295 2491 4369 intra
2541 4296 2750 4392 plura
2803 4321 3077 4393 genera
3127 4297 3565 4373 commodius

331 4418 778 4492 distributum
858 4417 966 4490 iri.
1070 4417 1259 4490 Nam
1341 4439 1431 4488 ex
1485 4417 1747 4501 sonna,
1811 4415 2207 4488 mobilitate
2261 4422 2386 4486 aut
2458 4415 2988 4508 immobilitate,
3044 4415 3564 4509 germinatione

329 4537 561 4610 subita
612 4543 736 4609 aut
785 4546 1106 4608 morante
1161 4557 1703 4632 zoosporarum,
1774 4534 2095 4608 ciliorum
2174 4555 2465 4607 numero
2521 4535 2828 4629 aliisque
2883 4557 2975 4606 ex
3027 4533 3564 4609 diversitatibus

328 4667 532 4729 'notas
588 4654 855 4728 hauriri
919 4677 1139 4750 posse
1230 4653 1642 4748 genericas,
1721 4652 1813 4726 iis
1878 4660 2278 4726 structurae
2331 4650 2551 4746 longe
2606 4651 3144 4746 anteferendas,
3201 4653 3361 4747 quis
3414 4664 3560 4747 est,

326 4775 441 4869 qui
484 4798 631 4848 non
682 4770 975 4845 videat?
1080 4772 1556 4869 Oedoqonium
1609 4779 1681 4844 et
1736 4772 2284 4868 Microsporam‚
2356 4768 2533 4842 illud
2580 4771 2816 4867 sporis
2870 4771 3349 4845 immobilibus
3404 4775 3560 4864 (oo-

326 4893 623 4987 sporis),
705 4891 889 4964 hauc
968 4891 1350 4964 mobilibus
1429 4890 1866 4990 (zoosporis)
1951 4890 2371 4962 instructam
2438 4887 2661 4962 citare
2701 4890 2933 4984 juvat.
3036 4888 3288 4983 Itaque
3341 4889 3562 4984 longe

325 5010 582 5083 abesse
661 5031 804 5082 non
882 5006 1163 5081 videtur
1243 5017 1557 5106 tempus,
1646 5030 1784 5103 quo
1850 5015 2073 5080 totum
2136 5007 2519 5105 Conseruere
2584 5030 2816 5103 genus
2869 5007 2943 5080 in
2995 5007 3204 5103 plura
3256 5030 3559 5103 genera,

326 5150 503 5221 quae
554 5127 845 5201 diversa
897 5149 1271 5223 sporarum
1324 5136 1580 5199 natura
1629 5125 2029 5216 fundentur,
2086 5124 2459 5199 dividetur.
2551 5125 2757 5217 Quae
2786 5149 2832 5198 a
2865 5126 3077 5200 nobis
3113 5149 3254 5199 non
3293 5136 3564 5200 temere

496 5335 559 5414 1)
609 5329 908 5415 Systema
950 5331 1279 5413 Algarum.
1369 5328 1638 5395 Lundae
1688 5329 1874 5394 1824.
