5107 6540
1361 603 1987 686 Osssnvarionsss
2040 611 2655 694 Pnrconoeucas.
3410 607 3502 680 11

362 802 743 900 superiore
792 801 919 876 vix
968 801 1264 901 hyalina
1320 801 1495 903 (tab.
1531 803 1622 877 11.
1658 804 1705 878 f.
1732 808 1785 879 2
1813 826 1860 878 a
1884 827 1931 879 a
1960 798 2054 906 a).
2132 801 2545 901 Longitudo
2581 825 2825 880 earum
2866 808 3269 909 ΙΒ-ξ--Ιθξ-
3300 807 3610 886 Hiero*

363 928 441 995 et
488 919 795 996 latitudo
854 922 1249 1024 11-2-—13-2-
1295 919 1623 1017 Micro¹··,
1675 930 1755 997 ut
1785 921 2157 1019 longitudo
2186 921 2635 998 latitudinem
2671 947 2922 1021 pamm
2957 934 3269 1023 superet,
3306 947 3608 1023 quarum

360 1048 743 1136 uti-amque
816 1039 893 1116 in
970 1049 1166 1115 motu
1239 1063 1493 1138 parum
1569 1041 1984 1116 mutabilem
2060 1040 2481 1118 invenimus.
2585 1037 2927 1140 Superior
2989 1066 3608 1143 megazoosporae

362 1159 787 1234 exn-emitas
837 1159 994 1254 vix,
1070 1167 1152 1234 ut
1201 1157 1530 1251 diximus,
1583 1157 1895 1258 hyalina,
1950 1166 2281 1256 quattuor
2328 1167 2569 1257 portat
2628 1161 2798 1266 cilia
2852 1163 3246 1238 vibratoria
3288 1165 3612 1241 eruciata

364 1276 554 1374 (tab.
585 1275 679 1350 Π.
713 1278 760 1351 f.
792 1279 837 1351 2
864 1300 913 1352 a
938 1301 985 1351 a
1008 1278 1057 1352 b
1086 1284 1160 1351 et
1186 1281 1283 1376 c).
1384 1277 1588 1352 Intus
1637 1299 2258 1376 megazoosporae
2309 1278 2573 1375 ubique
2604 1279 2756 1353 fere
2789 1281 3362 1378 sporoplasmate
3395 1282 3610 1358 viridi

360 1393 784 1490 granuloso,
838 1417 979 1470 uno
1031 1396 1336 1491 granulo
1390 1418 1614 1493 saepe
1648 1396 1935 1491 majori,
1989 1403 2156 1471 sunt
2187 1397 2514 1492 vestitae,
2562 1397 2941 1495 granulum
2972 1400 3496 1476 rubro-fuscum
3530 1401 3608 1476 in

363 1511 609 1586 medio
660 1514 934 1611 pariete
986 1513 1321 1589 interiore
1366 1523 1754 1612 portantes.

575 1629 685 1725 Si,
766 1639 845 1705 ut
921 1631 1250 1727 diximus,
1327 1632 1703 1730 longitudo
1779 1639 1994 1728 atque
2044 1630 2345 1707 latitudo
2395 1653 3124 1729 megazoosporarum
3175 1655 3285 1730 eo,
3334 1656 3475 1731 quo
3522 1657 3610 1712 se

360 1757 660 1823 movent
706 1756 1048 1848 tempore,
1100 1752 1257 1826 fere
1305 1751 1785 1827 immutabiles
1819 1749 2168 1837 videntur,
2204 1751 2430 1826 sectio
2464 1773 2711 1826 earum
2744 1753 3256 1829 transversalis
3279 1753 3604 1850 ejusdem

360 1867 641 1942 formae
695 1891 838 1944 non
891 1875 1004 1944 est
1053 1892 1358 1967 semper.
1461 1870 1652 1946 Nam
1705 1867 1969 1943 accidit
2019 1891 2556 1965 saepenumero,
2637 1878 2717 1944 ut
2764 1870 3374 1966 longitudinaliter
3419 1873 3607 1947 cari-

365 1996 586 2062 natae
639 1988 785 2062 sint
860 1988 1037 2074 (tab.
1087 1987 1180 2062 II.
1233 1990 1280 2063 f.
1320 1993 1365 2064 2
1403 1997 1477 2085 c)
1494 2047 1511 2082 ,
1599 1997 1723 2063 aut
1773 1987 1998 2062 altero
2050 1987 2277 2062 latere
2327 1987 2753 2062 rotundatae
2804 1989 3172 2086 alteroque
3221 1990 3606 2086 longitudi-

363 2106 635 2180 naliter
685 2106 1051 2181 carinatae
1103 2108 1279 2196 (tab.
1332 2108 1425 2182 II.
1477 2109 1526 2182 f.
1565 2110 1610 2181 2
1648 2106 1790 2208 (1¹),
1870 2114 1994 2180 aut
2054 2106 2421 2180 cruciatim
2498 2106 2864 2181 carinatae
2917 2109 3092 2200 (tab.
3143 2108 3237 2183 Π.
3289 2110 3337 2183 f.
3378 2112 3421 2183 2
3458 2108 3602 2212 (Ρ),

365 2233 497 2298 aut
549 2223 856 2321 denique
908 2223 1904 2324 compresso-quadrangulae
1962 2224 2134 2325 (tab.
2170 2224 2261 2302 Π,
2314 2226 2364 2300 f.
2400 2227 2446 2302 2
2485 2223 2618 2327 d⁸).
2719 2224 2928 2302 Haec
2979 2225 3319 2301 sectionis
3371 2235 3603 2302 trans·

364 2343 679 2418 versalis
732 2343 1065 2434 varietas,
1122 2345 1326 2441 cujus
1359 2343 1929 2419 modificationes
1964 2343 2374 2418 innumerae
2409 2352 2602 2438 sunt,
2657 2343 2921 2439 optime
2958 2343 3328 2419 observari
3365 2354 3606 2443 potest

367 2482 459 2535 eo
511 2461 858 2558 temporis
908 2470 1285 2555 momento,
1367 2484 1506 2558 quo
1561 2461 1890 2538 subsistit
1951 2482 2539 2559 megazoospora,
2594 2462 3110 2537 extremitatem
3162 2464 3602 2559 superiorem

367 2576 709 2653 deorsum
760 2589 1051 2654 vertens
1103 2580 1274 2682 (tab.
1326 2578 1418 2653 Π.
1471 2580 1520 2653 f.
1559 2582 1605 2653 2
1634 2577 1717 2652 d¹
1743 2578 1827 2652 d’
1851 2578 1987 2677 (1⁸).

574 2697 1304 2795 Megazoosporarum
1360 2707 1594 2772 motus
1645 2706 1760 2772 est
1807 2698 1958 2771 fere
2010 2696 2229 2792 idem,
2311 2698 2431 2793 qui
2506 2698 2582 2772 in
2663 2698 3130 2774 antecedente
3183 2697 3427 2794 specie
3479 2696 3602 2772 de-

367 2814 682 2913 scriptus
734 2826 865 2890 est.
973 2815 1418 2913 Saepissime
1472 2815 1755 2912 quidem
1809 2838 2424 2914 megazoosporae
2475 2824 2602 2891 aut
2645 2815 2842 2891 linea
2887 2826 3092 2892 recta
3142 2825 3268 2891 aut
3305 2824 3602 2892 curvata

367 2956 698 3040 prorsum
750 2942 1029 3029 natant,
1085 2935 1281 3009 circa
1331 2934 1499 3008 axin
1546 2957 1734 3009 nunc
1786 2934 1881 3009 ad
1932 2934 2278 3030 dextram,
2323 2956 2512 3010 nunc
2562 2933 2659 3008 ad
2709 2934 3071 3010 sinistram
3100 2957 3183 3011 se
3208 2935 3602 3030 volventes,

373 3053 823 3128 ememitate
889 3054 1258 3152 superiore
1322 3053 1630 3128 ciliifera
1688 3052 1763 3128 in
1815 3075 2030 3129 cursu
2079 3053 2340 3128 antica.
2444 3052 2595 3130 Sed
2644 3074 2788 3128 non
2835 3077 3002 3129 raro
3051 3053 3478 3146 subsistunt,
3529 3059 3608 3127 et

370 3183 763 3247 retrorsum
812 3179 1079 3264 natant,
1135 3172 1583 3246 extremitate
1635 3171 1971 3246 inferiore
2009 3171 2407 3268 latioreque
2430 3172 2569 3247 hoc
2594 3173 2670 3248 in
2696 3192 2912 3247 eursu
2937 3172 3196 3257 antica,
3236 3172 3604 3269 superiore

372 3299 612 3365 autem
658 3292 945 3389 postica
997 3298 1069 3364 et
1118 3291 1287 3366 cilia
1332 3291 1730 3365 vibratoria
1775 3291 2245 3388 gubernaculi
2290 3291 2516 3365 instar
2560 3299 2908 3388 portante.
2961 3290 3079 3366 De
3107 3301 3344 3367 cetero
3372 3300 3602 3366 extre-

370 3409 621 3483 mitate
675 3410 1043 3507 superiore
1094 3408 1217 3483 filo
1267 3409 1315 3484 l.
1370 3410 1494 3484 alii
1547 3408 1856 3506 quodam
1909 3409 2191 3507 corpori
2243 3410 2600 3508 imposita,
2656 3410 2999 3486 citissime
3028 3411 3606 3507 circumaguntur

369 3527 446 3602 in
498 3551 640 3604 uno
689 3535 975 3626 puncto,
1044 3527 1446 3602 trochorum
1498 3528 1743 3602 instar.
1847 3527 2055 3621 Duas
2106 3528 2415 3604 vidimus
2466 3551 3099 3627 megazoosporas,
3156 3528 3452 3603 alteram
3509 3526 3606 3602 ad

374 3646 734 3741 dextram,
822 3646 1121 3720 alteram
1202 3646 1295 3721 ad
1370 3645 1734 3720 sinistram
1808 3646 1944 3722 hoc
2017 3646 2231 3721 modo
2284 3647 2693 3744 circumagi,
2751 3669 3044 3743 quarum
3098 3648 3347 3743 altera,
3403 3647 3605 3724 socia

370 3766 715 3862 fugiente,
770 3765 986 3862 paulo
1038 3772 1205 3860 post
1254 3764 1347 3839 ad
1398 3766 1585 3839 latus
1638 3765 2042 3861 oppositum
2097 3766 2490 3861 circumagi
2541 3765 2828 3862 incepit.

466 3894 471 3897 ’
574 3884 773 3959 Motu
825 3882 1131 3979 denique
1182 3882 1383 3957 finito
1432 3906 2024 3980 megazoospora,
2094 3884 2539 3958 extremitate
2620 3883 2987 3981 superiore
3039 3884 3307 3959 adnata
3357 3892 3479 3957 aut
3528 3882 3601 3957 in

374 4024 567 4098 aqua
613 4001 921 4095 fluitans,
974 4001 1276 4099 primum
1327 4002 1479 4076 fere
1531 4001 1841 4097 globosa
1892 4010 2020 4095 est,
2077 4000 2337 4076 deiude
2388 4000 2724 4098 emptica,
2777 4025 2914 4098 quo
2965 4005 3155 4078 facto
3191 4003 3601 4077 extremitas

375 4122 537 4216 ejus
588 4119 913 4216 superior
965 4120 1417 4220 (praesertim
1472 4143 1630 4194 cum
1682 4120 1755 4193 in
1805 4144 1995 4217 aqua
2029 4119 2185 4194 fluit
2232 4126 2839 4218 megazoospora)
2876 4122 2951 4195 in
2976 4123 3219 4197 tubum
3248 4124 3603 4198 excrescit

376 4238 555 4329 (tab.
605 4237 698 4311 II.
749 4238 795 4311 f.
834 4239 879 4310 3
917 4260 963 4310 a
998 4261 1044 4310 a
1078 4261 1124 4310 a
1159 4246 1258 4334 a).
1363 4237 1593 4312 Paulo
1669 4247 1837 4335 post
1909 4239 1984 4313 in
2047 4248 2289 4314 cetera
2340 4261 2951 4337 megazoosporae
3002 4249 3205 4337 parte
3257 4240 3600 4337 elliptico·

375 4356 692 4451 oblonga
745 4355 1123 4451 grauulum
1174 4355 1350 4430 illud
1400 4357 1615 4431 rubro
1629 4358 1928 4431 -fuscum
1979 4358 2053 4431 in
2102 4356 2364 4431 lineam
2415 4357 2709 4431 brevem
2761 4358 3316 4433 transversalem
3367 4367 3598 4434 t1·ans-

376 4482 684 4547 mutatur
737 4473 909 4575 (tab.
945 4473 1036 4548 Π.
1091 4475 1135 4547 f.
1170 4477 1212 4548 3
1243 4475 1387 4570 b¹),
1443 4473 1631 4571 quod
1676 4475 1977 4571 primum
2025 4482 2139 4549 est
2170 4474 2504 4550 indicium
2542 4474 2915 4551 divisionis
2949 4477 3022 4551 in
3060 4476 3241 4552 duas
3278 4477 3595 4553 cellulas.

375 4589 585 4683 Quae
639 4591 895 4666 divisio
949 4593 1022 4665 in
1073 4592 1197 4687 fig.
1237 4595 1282 4666 3
1319 4594 1406 4667 b’
1438 4600 1511 4666 et
1543 4593 1626 4667 b⁸
1673 4592 1964 4689 longius
2015 4601 2130 4668 est
2179 4617 2590 4690 progressa.

580 4712 1192 4809 Microzoosporae,
1274 4734 1565 4785 numero
1646 4735 1857 4808 quam
1932 4734 2546 4809 megazoosporae
2610 4711 2825 4810 duplo
2884 4715 3156 4810 maj01·e
3206 4713 3280 4786 in
3334 4713 3595 4788 cellula

377 4830 673 4904 matrice
725 4830 1089 4924 formatae,
1142 4830 1532 4925 harumque
1584 4852 1779 4903 more
1830 4829 1904 4904 in
1956 4830 2247 4926 globum
2285 4830 2694 4906 indumento
2729 4830 3135 4926 gelatinoso
3172 4832 3594 4905 membrani-

373 4948 579 5022 formi
625 4947 960 5022 vestitum
1012 4946 1478 5043 glomeratae,
1531 4969 1663 5044 per
1711 4948 2040 5023 ostiolum
2076 4949 2459 5045 poriforme
2496 4950 2672 5046 (tab.
2706 4949 2800 5024 II.
2853 4952 2901 5025 f.
2932 4954 2981 5022 4
3004 4948 3077 5049 a)
3116 4950 3594 5026 extruduntur.

378 5065 618 5141 Globo
671 5066 796 5139 illo
848 5074 1136 5141 extruso
1187 5075 1263 5140 et
1310 5065 1708 5160 rotundato,
1761 5066 2245 5142 indumentum
2282 5068 2367 5169 ¹⁸)
2422 5067 2835 5143 dissolvitur
2868 5078 2942 5143 et
2975 5069 3595 5166 microzoosporae

545 5273 658 5358 22)
700 5272 844 5337 Hoc
884 5269 1315 5337 indumentum
1383 5268 1484 5334 his
1548 5268 1614 5334 in
1680 5270 2019 5354 speciebus
2083 5287 2210 5335 non
2260 5270 2559 5354 propriae
2601 5276 2872 5335 naturae
2913 5270 3181 5355 videtur,
3228 5272 3345 5339 sed
3376 5273 3594 5359 juxta-

379 5376 604 5460 positis
672 5374 1063 5458 zoosporis„
1096 5372 1316 5439 harum
1372 5390 1554 5437 muco
1600 5373 1950 5438 formatum.
2038 5370 2228 5439 Unde
2272 5372 2411 5458 ejus
2456 5371 2792 5439 dissolutio
2836 5392 3064 5440 revera
3103 5375 3282 5442 aliud
3323 5396 3448 5442 non
3491 5383 3596 5443 est

373 5497 562 5563 quam
607 5494 1059 5562 zoosporarum
1110 5474 1458 5551 discessus,
1504 5493 1689 5558 quem
1734 5473 1799 5539 in
1846 5474 1993 5559 ipsa
2035 5475 2268 5541 cellula
2311 5475 2576 5541 matrice
2607 5474 2705 5541 bis
2731 5474 3003 5542 vidimus
3047 5479 3206 5557 (tab.
3232 5479 3311 5544 11.
3342 5479 3383 5546 f.
3414 5481 3468 5565 1,
3492 5481 3590 5563 4).
