5107 6540
1380 603 2013 685 onssnvmms
2062 607 2676 684 Pnrcoroolcau.
3477 588 3516 658 7

355 793 588 868 tinoso
667 791 991 866 vestitus.
1097 788 1383 864 Deinde
1461 811 1600 863 uno
1652 788 1698 862 l.
1754 788 1979 862 altero
2035 788 2195 862 loco
2260 787 2678 862 dissolvitur
2725 788 3291 883 integumentum
3344 796 3417 863 et
3466 810 3629 885 per-

360 921 573 1008 gente
630 909 1104 984 dissolutione
1150 907 1549 1004 usquedum
1617 908 1856 981 nullae
1920 910 2079 1004 ejus
2130 905 2476 1002 reliquiae
2530 907 2950 1003 persistant,
3005 930 3408 1005 zoosporae
3461 930 3625 981 sen-

360 1031 495 1105 sim
570 1029 967 1103 liberantur
1032 1036 1104 1103 et
1165 1050 1247 1103 se
1298 1049 1588 1100 movere
1639 1026 1990 1123 incipiunt
2040 1025 2216 1115 (tab.
2254 1024 2308 1097 I.
2362 1027 2409 1098 f.
2449 1029 2497 1097 4
2524 1025 2653 1122 b.).
2760 1024 2924 1116 Quo
2976 1028 3170 1101 facto
3225 1049 3356 1122 per
3405 1034 3626 1101 totum

362 1148 821 1245 microscopii
920 1170 1280 1243 campum,
1388 1153 1471 1220 ut
1558 1146 1821 1238 solent,
1902 1143 2432 1241 disparguntur.
2566 1142 2776 1218 Hanc
2847 1166 3093 1218 earum
3162 1145 3627 1219 emissionem

360 1289 879 1364 saepenumero
934 1266 1272 1350 vidimus,
1333 1285 1562 1359 usque
1613 1264 1686 1336 in
1738 1262 2046 1336 medium
2102 1263 2405 1358 Majum,
2458 1284 2596 1336 nec
2647 1262 2851 1354 ultra,
2908 1265 3063 1338 sive
3116 1265 3255 1338 hoc
3305 1273 3628 1361 tempore

360 1394 614 1482 sponte
696 1383 1004 1479 destitit,
1092 1385 1247 1459 sive
1327 1393 1644 1474 externa,
1725 1404 1912 1477 quae
1990 1381 2198 1456 nobis
2275 1382 2528 1475 ignota
2593 1387 2787 1473 sunt,
2870 1392 3231 1456 momenta
3282 1405 3442 1456 eam
3493 1386 3627 1457 im-

362 1502 654 1600 pedivit.

562 1621 727 1694 Hae
790 1642 1195 1717 zoosporae
1272 1620 1445 1720 (tab.
1484 1620 1537 1693 Ι.
1595 1621 1642 1693 f.
1674 1623 1721 1695 5
1751 1627 1822 1693 et
1851 1617 1957 1720 6),
2013 1641 2215 1713 quas,
2273 1641 2432 1692 cum
2486 1618 2684 1692 aliud
2740 1619 2878 1693 hac
2928 1621 3001 1694 in
3051 1621 3303 1717 planta
3353 1621 3624 1693 existat

364 1761 876 1837 zoosporarum
958 1761 1210 1835 genus,
1291 1760 1905 1834 megazoosporas
1982 1737 2522 1828 nominavimus,
2605 1739 3064 1813 vivacissime
3139 1762 3220 1813 se
3288 1736 3623 1812 movendi

365 1860 709 1932 facultate
763 1881 811 1931 a
861 1867 1117 1931 natura
1195 1866 1363 1932 sunt
1413 1855 1807 1954 praeditae.
1914 1856 2214 1930 Insolita
2290 1855 2477 1929 enim
2559 1857 2928 1931 celeritate
2985 1881 3116 1954 per
3166 1855 3629 1953 microscopii

364 2000 699 2074 campum
768 1984 840 2049 et
890 1984 1091 2050 recta
1141 1977 1262 2050 via
1314 1984 1388 2049 et
1438 1982 1734 2049 curvata
1782 1982 2050 2049 natant.
2153 1975 2353 2047 Loco
2410 1973 2718 2070 quodam
2758 1998 2917 2049 cum
2953 1985 3337 2067 morantur,
3389 1975 3632 2048 aliena

365 2118 704 2193 corpora,
770 2096 988 2169 immo
1035 2095 1161 2167 fila
1212 2095 1446 2191 ipsius
1495 2093 1787 2190 plantae
1841 2094 2287 2167 extremitate
2337 2094 2707 2189 superiore
2758 2095 3062 2169 ciliifera
3107 2094 3410 2192 repetite
3472 2092 3629 2190 pul-

370 2225 566 2297 sant,
626 2225 751 2289 aut
803 2213 1054 2288 eadem
1110 2213 1561 2286 extremitate
1613 2212 1687 2284 in
1730 2234 1871 2286 uno
1908 2219 2169 2308 puncto
2227 2212 2566 2309 imposita
2600 2212 2944 2287 citissime
2982 2214 3624 2305 circumvehuntur,

370 2334 779 2408 trochorum
833 2333 1079 2407 instar.
1185 2330 1518 2425 Denique
1598 2332 2016 2405 festinanter
2096 2329 2477 2421 desistunt,
2559 2352 2818 2404 novum
2872 2331 3260 2406 iteraturae
3313 2354 3625 2422 cursum,

366 2475 504 2549 quo
583 2452 986 2535 inveniant,
1066 2450 1181 2522 cui
1261 2472 1342 2522 se
1427 2450 1760 2544 infigant,
1839 2449 2168 2523 idoneum
2230 2449 2482 2522 locum.
2587 2449 2952 2523 Plurimae
3003 2460 3272 2544 autem,
3326 2452 3626 2545 laugue-

366 2582 613 2644 scente
692 2580 918 2655 motu,
1004 2567 1197 2664 quod
1275 2577 1553 2664 petunt,
1635 2592 1775 2642 non
1864 2567 2304 2662 attingentes
2385 2568 2459 2640 in
2510 2591 2701 2663 aqua
2755 2578 3076 2642 mortuae
3130 2568 3436 2664 denique
3490 2568 3625 2641 cir-

365 2691 866 2764 cumferuntur.
974 2686 1255 2779 Quibus
1308 2687 1494 2759 enim
1551 2686 1842 2779 accidit,
1898 2694 1977 2760 ut
2022 2687 2278 2759 alienis
2315 2686 2739 2781 corporibus
2777 2710 2858 2762 se
2895 2689 3198 2785 infigere
3235 2686 3628 2785 potuerint,

376 2830 507 2882 eae
586 2818 757 2881 sunt
829 2807 1051 2901 longe
1127 2806 1529 2903 pauciores.
1634 2805 2006 2900 Utraeque
2059 2813 2297 2878 tamen
2362 2806 2803 2900 germinant,
2860 2829 3045 2900 quae
3098 2807 3408 2881 adnatae
3463 2815 3631 2879 sunt

367 2926 818 3000 extremitate
866 2925 1220 3021 superiori
1257 2925 1560 2998 ciliifera
1606 2924 1889 2997 infixae.
1999 2923 2251 2997 Tertio
2295 2923 2451 3017 jam
2506 2923 2626 2996 die
2681 2947 3304 3021 megazoosporae
3358 2926 3427 2998 in
3480 2924 3626 3016 fila,

368 3045 651 3120 duabus
710 3045 756 3118 l.
809 3044 1038 3118 tribus
1094 3065 1185 3116 ex
1238 3044 1516 3118 cellulis
1584 3051 2011 3134 constructa,
2069 3042 2399 3116 evolutae
2468 3053 2634 3116 suut
2687 3042 2861 3132 (tab.
2917 3044 2970 3117 I.
3025 3045 3072 3116 f.
3116 3049 3158 3118 6
3197 3044 3315 3138 Β).
3417 3042 3630 3116 Haec

367 3164 512 3258 fila,
596 3162 955 3236 divisione
1030 3161 1447 3236 cellularum
1512 3162 1982 3235 transversali
2045 3160 2350 3256 denique
2403 3160 2756 3256 longiora,
2814 3170 2961 3234 tum
3013 3162 3088 3235 in
3138 3162 3281 3236 filis
3331 3163 3625 3259 plantae

374 3292 522 3356 tum
577 3282 655 3355 in
709 3281 902 3376 algis
951 3283 1026 3355 in
1078 3281 1344 3355 vicinia
1406 3280 1914 3375 crescentibus,
1983 3304 2091 3354 ex.
2149 3304 2256 3375 gr.
2314 3279 2510 3353 Fuco
2562 3282 2943 3366 vesiculoso,
3019 3283 3402 3380 Porphyra
3456 3283 3629 3355 laci-

369 3404 573 3474 niam
629 3400 936 3495 aliisque
988 3422 1211 3496 saepe
1265 3410 1613 3473 crescunt.
1733 3401 2075 3497 Confer-va
2108 3401 2345 3482 flaccet,
2400 3399 2626 3495 Phyc.
2667 3398 2927 3473 Scand.
2957 3423 3132 3473 mar.
3174 3407 3258 3500 ¹⁸)
3298 3411 3410 3475 est
3446 3402 3630 3475 haec

361 3521 608 3615 junior
662 3518 875 3613 hujus
928 3519 1201 3614 speciei
1252 3520 1507 3611 forma,
1563 3542 1655 3591 an
1710 3541 1881 3592 vero
1944 3516 2406 3616 Confiflacca
2439 3517 2843 3611 Anglorum
2879 3519 3025 3592 alia
3061 3520 3187 3610 sit,
3242 3520 3630 3608 nescimus,

372 3661 527 3712 cum
586 3637 1005 3734 specimina,
1062 3660 1244 3733 quae
1299 3636 1573 3711 siccata
1625 3648 1821 3729 sunt,
1876 3636 1969 3711 ad
2021 3659 2169 3710 rem
2223 3636 2418 3709 illam
2474 3635 3008 3731 dijudicandam
3062 3638 3161 3711 nil
3210 3638 3520 3712 valeant.

575 3756 850 3829 Fonna
899 3777 1634 3850 megazoosporamm
1689 3765 1761 3830 et
1811 3755 2232 3851 magnitudo
2283 3754 2532 3828 variae
2588 3764 2771 3829 sunt.
2863 3755 3026 3847 Quo
3078 3779 3158 3830 se
3194 3778 3486 3830 movere
3522 3756 3631 3828 in-

373 3875 652 3973 cipiunt
702 3881 1079 3961 momento,
1133 3875 1364 3948 forma
1415 3896 1659 3947 earum
1712 3876 1876 3971 plus
1928 3873 2162 3948 minus
2216 3872 2526 3947 ovoidea
2579 3882 2693 3947 cst
2745 3875 2921 3965 (tab.
2960 3875 3014 3948 I.
3069 3868 3192 3971 fig.
3237 3879 3339 3972 5).
3428 3875 3629 3949 Motu

379 4004 622 4068 autem
676 3993 1084 4067 continuato
1135 4014 1758 4089 megazoosporae
1809 4016 1902 4067 ex
1955 3992 2405 4066 extremitate
2457 3991 2779 4067 inferiori
2839 3994 2914 4067 in
2972 3994 3415 4091 superiorem
3467 4014 3634 4066 sen-

379 4114 515 4188 sim
597 4118 1055 4186 attenuantur
1131 4110 1304 4209 (tab.
1357 4110 1412 4183 I.
1462 4112 1508 4183 f.
1567 4112 1664 4212 6).
1765 4113 1960 4185 Inter
2024 4120 2396 4205 utramque
2474 4111 2806 4206 formam,
2879 4113 3260 4187 ovoideam
3328 4112 3633 4186 dicimus

380 4232 745 4327 longeque
798 4235 1265 4321 attenuatam,
1320 4229 1584 4302 multae
1637 4238 1802 4303 sunt
1844 4231 2115 4304 formae
2167 4229 2653 4322 intermediae,
2710 4253 2896 4325 quae
2952 4229 3466 4324 describantur,
3524 4231 3631 4304 in-

380 4350 672 4446 dignae.
780 4347 1121 4445 Superior
1164 4368 1898 4444 megazoosporamm
1951 4348 2384 4441 extremitas,
2436 4357 2516 4422 ut
2548 4351 2624 4422 in
2659 4349 2983 4445 plurimis
3020 4349 3418 4446 zoosporis,
3458 4349 3632 4448 bya-

379 4468 534 4543 lina
568 4474 643 4540 et
678 4464 957 4541 duobus
980 4467 1064 4566 ¹⁴)
1119 4476 1399 4540 armata
1451 4466 1635 4540 ciliis
1686 4466 2111 4556 vibratoriis,
2171 4490 2357 4541 nunc
2409 4467 2640 4563 ipsam
2697 4490 3343 4566 megazoosporam
3396 4468 3630 4563 longi-

375 4585 625 4660 tudine
680 4584 1172 4679 aequantibus,
1227 4606 1418 4657 nunc
1469 4582 1722 4657 eadem
1776 4586 2242 4679 brevioribus,
2296 4587 2706 4660 excurvatis
2761 4587 2875 4660 vel
2929 4586 3031 4686 (in
3072 4586 3296 4689 motu)
3343 4586 3634 4661 reflexis

379 4705 554 4805 (tab.
591 4704 648 4777 Ι.
702 4705 751 4777 f.
792 4706 859 4797 5,
901 4707 1002 4799 6).

560 4987 671 5068 13)
720 4984 1031 5070 Upsaliae
1082 4985 1267 5049 1851.
1312 5005 1373 5069 p.
1419 4984 1565 5049 205.

566 5109 671 5191 14)
720 5107 853 5174 Cel.
900 5107 1114 5172 Braun
1162 5104 1325 5171 vidit
1366 5107 1432 5171 in
1489 5108 1789 5173 Ulothrice
1820 5111 2283 5193 pmicillffomi
2312 5111 2377 5194 (l.
2404 5110 2489 5193 c.)
2536 5109 2661 5177 duo
2710 5118 2821 5175 aut
2862 5116 3161 5193 quattuor
3203 5110 3267 5174 in
3302 5112 3633 5197 zoosporis

384 5209 556 5274 cilia.
642 5208 939 5275 Vidimus
985 5207 1110 5273 duo
1159 5207 1557 5273 solummodo
1602 5209 1666 5273 in
1715 5212 2254 5296 megazoosporiS‚
2303 5232 2681 5296 quamquam
2730 5220 3025 5295 quattuor
3057 5232 3384 5278 numerum
3412 5234 3632 5279 eorum

382 5312 738 5377 normalem
808 5331 959 5376 esse
1026 5311 1450 5396 suspicamur.
1541 5312 1705 5379 Cilia
1773 5313 1880 5378 illa
1948 5312 2103 5396 duo,
2172 5333 2337 5397 quae
2402 5315 2699 5398 vidimuS,
2771 5314 2955 5380 nobis
3004 5316 3145 5379 visa
3193 5322 3342 5380 sunt
3385 5335 3634 5399 quoque

380 5413 618 5498 minus,
663 5433 854 5498 quam
900 5433 1022 5499 par
1066 5422 1271 5497 esset,
1316 5415 1594 5482 evoluta.
