5107 6540
1589 521 1686 595 22
2752 512 2871 591 W.
2937 512 3449 608 mussona,

1791 718 2059 795 Lobuli
2122 717 2463 795 laterales
2530 726 2743 795 testae
2819 715 3078 817 capitis
3145 716 3542 793 anteriores
3616 716 3838 813 longe
3903 713 4250 812 producti.
4377 713 4723 813 Epimers

1485 863 1774 937 magna.
1876 838 2219 935 Epimera
2270 838 2630 932 segmenti
2680 841 2747 912 3.
2751 837 2834 911 tii
2891 835 3145 911 caudae
3197 836 3464 970 angulo
3515 834 3914 933 posteriore
3965 843 4039 909 et
4087 832 4424 908 inferiore
4467 832 4719 909 aculeo

1487 957 1688 1033 brevi
1739 966 1813 1032 et
1863 978 2171 1057 superne
2229 964 2600 1052 vergente.
2731 954 2947 1032 Oculi
3019 954 3302 1051 magni,
3382 977 3604 1052 supra
3674 952 4183 1052 approximati,
4260 951 4719 1047 reniformes‚

1487 1077 1692 1152 fusci.
1822 1073 2213 1171 Segmenta
2276 1078 2343 1149 2:
2348 1073 2514 1149 dum
2595 1081 2669 1150 et
2733 1077 2799 1149 3;
2802 1074 2977 1148 tium
3029 1071 3413 1170 pedunculi
3475 1079 3940 1147 antennarum
3991 1071 4436 1169 superiorum
4485 1070 4722 1166 longi·

1490 1194 1772 1288 uscula,
1851 1216 1996 1269 una
2055 1200 2429 1288 segmento
2483 1198 2666 1268 lzmo
2728 1190 3174 1289 longitudine
3227 1191 3331 1266 cir
3332 1215 3391 1265 c.
3447 1189 3775 1287 aequalia.
3903 1189 4258 1265 Antennae
4310 1189 4723 1287 superiores

1490 1321 1562 1386 et
1620 1311 1994 1386 inferiores
2060 1310 2250 1409 apud
2309 1311 2650 1385 feminam
2726 1309 3180 1407 longitudine
3258 1310 3426 1384 circ.
3494 1308 3846 1406 aequales,
3928 1308 4223 1405 flagello
4277 1306 4726 1403 superiorum

1490 1431 1657 1528 pilis
1707 1429 1970 1527 longis,
2023 1437 2096 1504 et
2147 1428 2466 1505 articulis
2520 1432 2764 1503 9-11
2822 1428 3236 1525 composito,
3290 1427 3590 1501 articulo
3633 1432 3816 1501 lzmo
3847 1426 4071 1501 brevi.
4149 1422 4558 1521 Flagellum
4598 1448 4724 1522 ap·

1489 1548 1950 1647 pendiculare
2000 1547 2528 1622 biarticulatum
2582 1548 2878 1624 articulo
2933 1547 3179 1622 ultimo
3232 1547 3544 1621 minimo.
3673 1544 4110 1619 Mandibulae
4176 1545 4333 1619 acie
4395 1545 4728 1640 utrinque

1495 1665 1852 1743 denticulo
1907 1667 2264 1761 obsolet0,
2346 1689 2696 1764 processu
2747 1668 3155 1742 accessorio
3231 1665 3453 1761 longo
3516 1671 3589 1738 et
3646 1664 3877 1758 tenui,
3957 1662 4326 1737 tuberculo
4382 1662 4503 1737 vel
4560 1684 4727 1759 pro-

1494 1808 1709 1860 cessu
1758 1784 2015 1859 molari
2065 1785 2362 1877 minute,
2442 1786 2595 1860 fere
2657 1792 3165 1873 evanescente,
3246 1781 3732 1858 tantummodo
3798 1782 4114 1858 lobulum
4176 1790 4478 1879 parvum
4557 1781 4728 1855 seti-

1494 1906 1721 1979 ferum
1772 1904 2159 2001 praebente.
2262 1903 2539 2001 Palpus
2591 1902 2826 1977 mand.
2878 1891 3160 1999 longus.
3282 1901 3600 1977 Maxillae
3657 1901 3822 1976 lzmi
3874 1900 4069 2000 paris
4122 1901 4340 1998 palpo
4388 1899 4728 1974 biarticu·

1493 2024 1671 2117 late,
1726 2020 1820 2097 ad
1870 2022 2152 2119 apicem
2206 2022 2480 2097 aculeis
2534 2024 2581 2096 5
2633 2021 3007 2116 brevibus,
3078 2042 3373 2117 quorum
3425 2042 3566 2095 uno
3620 2020 3899 2114 mobili3
3975 2042 4176 2094 ramo
4228 2018 4566 2093 interiore
4622 2027 4737 2093 sat

1496 2163 1782 2238 magno.
1884 2140 2204 2215 Maxillae
2257 2139 2404 2214 2zdi
2464 2140 2664 2238 paris
2714 2163 2914 2215 ramo
2966 2140 3303 2215 interiore
3361 2139 3652 2234 latiore,
3735 2136 4293 2233 oblongo-ovali.
4421 2135 4733 2211 Maxilli-

1495 2260 1722 2359 pedes
1781 2258 2067 2334 laminis
2149 2256 2608 2333 interioribus
2662 2259 2983 2354 magnis,
3067 2266 3139 2333 et
3207 2258 3677 2333 exterioribus
3728 2256 3850 2329 vix
3910 2256 4188 2354 apicem
4242 2255 4527 2331 articuli
4584 2254 4734 2329 2tdi

1495 2378 1696 2477 palpi
1750 2377 2300 2474 attingentibus,
2355 2377 2621 2470 ovatis‚
2678 2378 2883 2475 apice
2935 2377 3314 2452 rotundato
3369 2385 3443 2451 et
3477 2399 3620 2449 non
3673 2374 3983 2465 setifero‚
4028 2376 4499 2471 margineque
4551 2374 4733 2447 inte-

1495 2497 1683 2572 riore
1735 2494 2151 2571 laeviusculo
2205 2502 2278 2569 et
2325 2496 2449 2568 vix
2499 2494 2873 2570 noduloso.
3003 2495 3245 2571 Pedes
3298 2494 3562 2588 trunci,
3648 2494 3813 2568 lzmi
3869 2494 4066 2591 paris
4121 2501 4493 2589 segmento
4550 2497 4731 2587 62t0,

1498 2615 1651 2689 sive
1704 2636 1950 2708 manu,
2006 2614 2256 2688 conico
2311 2619 2382 2688 et
2432 2636 2675 2711 ungue
2734 2636 2983 2710 parvo,
3112 2615 3354 2691 Pedes
3415 2613 3646 2687 trunci
3700 2611 3848 2686 2zdi
3898 2612 4094 2709 paris
4146 2612 4464 2708 graciles
4516 2632 4737 2685 manu

1497 2734 1647 2806 fere
1701 2731 2244 2828 oblongo-ovali
2296 2754 2654 2830 carpoque
2704 2733 3033 2808 breviore
3111 2744 3184 2810 et
3231 2734 3524 2808 minore.
3654 2729 3896 2805 Pedes
3971 2731 4200 2804 trunci
4270 2731 4422 2805 32tii
4481 2740 4555 2804 et
4610 2729 4736 2803 4zti

1500 2850 1699 2947 paris
1752 2849 1966 2925 etiam
2017 2848 2354 2946 graciles.
2431 2849 3021 2927 Pedescaudales
3071 2853 3290 2949 longi,
3345 2860 3418 2926 et
3467 2873 3712 2925 eorum
3760 2848 4081 2923 ultimum
4131 2872 4266 2946 par
4299 2849 4520 2924 ramis
4564 2850 4733 2925 sub-

1498 2968 1713 3043 ulatis
1763 2967 2193 3064 minimeque
2244 2967 2575 3042 setiferis.
2707 2968 3171 3066 Segmentum
3231 2975 3268 3044 7
3277 2994 3484 3045 :mum
3553 2968 3833 3061 caudae,
3915 2968 4069 3042 sive
4135 2967 4498 3067 appendix
4564 2991 4734 3043 cau·

1507 3084 1714 3181 dalis,
1768 3087 2144 3182 integrum,
2200 3084 2428 3177 ovale,
2485 3087 2814 3182 margine
2866 3090 3146 3184 postico
3196 3089 3451 3162 leviter
3501 3110 3824 3163 convexo
3876 3095 3950 3161 et
3998 3087 4327 3184 utrinque
4380 3094 4542 3161 seta
4592 3109 4738 3160 una

1503 3204 1814 3280 minima.
1867 3250 1970 3260 —
2020 3202 2310 3301 Longit.
2367 3203 2532 3278 circ.
2587 3209 2680 3280 10
2733 3206 3003 3282 millim.
3060 3253 3163 3264 —
3210 3206 3331 3283 Ad
3385 3204 3977 3283 Christianssund
4028 3206 4103 3280 in
4152 3204 4525 3303 Norvegia
4574 3228 4737 3280 eam

1503 3322 1698 3398 haud
1748 3325 2187 3419 frequentem
2238 3321 2657 3399 invenimus.

2298 3563 2378 3648 2.
2494 3566 2689 3650 Gen.
2752 3567 3414 3654 EURYTENES
3501 3596 3676 3655 nov.
3736 3594 3917 3680 gen.

1805 3728 1997 3804 Vide
2049 3730 2304 3829 supra!

2409 3951 2489 4036 3.
2610 3956 2800 4039 Gen.
2863 3951 3356 4054 ΑΝΟΝΥΧ,
3444 3955 3807 4039 Kebren.

1815 4116 2039 4191 Pedes
2084 4119 2320 4192 trunci
2393 4119 2793 4217 (thor-acici)
2851 4119 3016 4192 lma·
3049 4120 3255 4217 paris
3306 4145 3530 4192 manu
3581 4118 4087 4217 subchelzformi
4134 4118 4428 4202 amati.
4503 4142 4740 4216 υηφιε

1499 4237 1817 4335 flexibili,
1868 4238 2191 4336 maryine
2240 4238 2569 4338 iffa-iore
2625 4264 2876 4311 manus
2915 4238 3082 4335 plus
3145 4237 3251 4310 vel
3297 4239 3531 4311 minus
3583 4238 3879 4336 definito.
3985 4235 4450 4309 Mandibulae
4501 4238 4737 4310 tuber-

1514 4359 1662 4431 culo
1713 4357 1973 4430 molari
2017 4357 2351 4431 mediocri
2395 4357 2502 4431 vel
2548 4383 2824 4454 mayno.
2915 4356 3265 4428 Laminae
3316 4357 3677 4432 exteriores
3719 4357 3985 4455 pedum
4019 4355 4498 4429 maxillavium
4537 4382 4737 4428 mar-

1504 4476 1672 4573 yine
1720 4475 2047 4548 interiore
2084 4476 2496 4573 plerumque
2545 4475 2897 4559 noduloso,
2948 4500 3116 4546 raro
3170 4474 3448 4548 dentato
3500 4477 3607 4549 vel
3654 4475 3979 4549 aculeato.

1815 4629 1955 4707 We
2007 4630 2192 4705 have
2243 4652 2336 4705 on
2390 4652 2518 4705 our
2570 4637 2817 4704 coasts
2870 4636 2945 4703 at
2993 4628 3184 4704 least
3232 4628 3431 4703 fiften
3484 4629 3768 4728 species
3798 4622 3897 4703 'of
3940 4630 4096 4703 that
4144 4650 4411 4725 genus,
4473 4626 4620 4702 and
4669 4628 4753 4702 of

1509 4749 1712 4825 these
1762 4757 1906 4824 two
1961 4771 2085 4823 are
2138 4770 2222 4823 as
2273 4756 2399 4847 yet
2448 4746 2952 4837 undescribed‚
3008 4770 3145 4822 one
3197 4745 3649 4821 confounded
3696 4746 3867 4821 with
3903 4747 4199 4821 another
4232 4745 4537 4844 species,
4592 4745 4740 4820 and

1515 4890 1649 4941 one
1702 4891 1786 4943 as
1836 4877 1962 4966 yet
2008 4864 2228 4942 found
2279 4865 2448 4965 only
2500 4888 2593 4940 on
2643 4866 2764 4941 the
2812 4864 3122 4962 English
3191 4872 3397 4940 coast
3473 4865 3617 4939 and
3692 4865 3767 4940 in
3842 4866 3963 4939 the
4026 4863 4613 4960 neighbourhood
4667 4866 4751 4939 of

1513 4984 1635 5059 the
1688 4984 2027 5061 Shetland
2073 4985 2279 5060 Isles.
2396 4985 2481 5060 In
2533 4983 2744 5060 order
2797 4993 2868 5059 to
2920 4984 3268 5058 facilitate
3331 4984 3452 5057 the
3505 4984 3700 5058 often
3756 4983 4056 5059 difficult
4103 4982 4312 5057 work
4362 4984 4445 5057 of
4487 4982 4740 5058 discri-

1516 5101 1869 5199 minating
1916 5104 2035 5178 the
2088 5103 2419 5178 different
2468 5103 2784 5203 species,
2864 5125 2976 5178 we
3054 5101 3336 5200 subjoin
3397 5126 3444 5176 a
3495 5102 3895 5201 synoptical
3945 5101 4138 5176 table
4190 5102 4274 5175 of
4315 5102 4519 5177 these
4571 5125 4741 5199 spe-

1517 5221 1697 5315 cies,
1779 5220 1919 5295 and
1970 5223 2109 5297 call
2163 5222 2505 5299 attention
2556 5230 2629 5297 to
2679 5221 2856 5296 such
2908 5220 3474 5317 distinguishing
3522 5220 3772 5295 marks
3823 5243 3910 5295 as
3962 5241 4160 5294 seem
4213 5231 4286 5294 to
4338 5243 4425 5294 us
4476 5220 4741 5317 impor-
