5107 6540
1629 553 1727 626 20
2681 514 2754 593 J.
2807 517 2894 593 E.
2948 518 3443 616 Aasscnouo,

1520 751 1764 829 media
1819 774 1912 827 ex
1960 751 2225 828 cellula
2275 753 2444 850 (sev
2491 748 2793 825 articulo
2851 748 2956 823 fili
3005 747 3358 847 primarii)
3427 756 3716 835 exeunt,
3794 747 3986 846 quod
4033 750 4110 826 in
4164 750 4769 853 Sponqoeiphonia

1521 894 1901 969 nunquam.
1981 867 2130 946 Sed
2179 868 2728 967 propagationis
2782 890 3061 964 organa
3104 887 3490 963 eorumque
3524 864 3857 961 evolutio,
3915 876 3995 943 ut
4014 870 4171 965 jam
4210 868 4539 967 diximus,
4586 871 4773 947 alius

1525 999 1693 1066 sunt
1740 988 2006 1064 indolis
2059 997 2275 1084 atque
2328 996 2650 1063 naturae.

1726 1107 1984 1181 Plures
2034 1106 2340 1198 vicinae,
2405 1105 2450 1179 i.
2501 1127 2564 1179 e.
2633 1104 2709 1178 in
2762 1100 3002 1178 medio
3057 1101 3182 1176 filo
3230 1103 3543 1178 seriatae
3600 1103 3903 1180 cellulae
3955 1110 4283 1200 vegetae,
4336 1104 4411 1180 in
4463 1105 4767 1181 cellulas

1523 1225 1916 1325 sporiferas
1965 1231 2525 1300 transmutantur
2605 1223 2784 1320 (tab.
2822 1220 2951 1296 IV.
3004 1221 3053 1294 f.
3092 1224 3136 1295 8
3174 1221 3222 1295 b
3249 1221 3348 1323 b).
3456 1219 3621 1314 Qua
3669 1244 4068 1321 progressa
4116 1224 4761 1316 transformatione,

1518 1364 2141 1440 megazoosporae
2194 1341 2436 1445 (hujus
2489 1341 2680 1416 enim
2717 1337 3010 1438 generis
3045 1347 3227 1433 sunt,
3263 1348 3343 1415 ut
3365 1348 3719 1437 putamus,
3758 1364 4180 1439 zoosporae,
4217 1364 4400 1438 quas
4426 1341 4768 1435 vidimus)

1519 1462 1747 1538 dense
1798 1461 2111 1558 stipatae
2160 1461 2551 1537 investiunt
2600 1467 2824 1534 totum
2860 1457 3163 1533 cellulae
3204 1460 3525 1535 matricis
3558 1461 3907 1556 parietem
3941 1461 4372 1536 interiorem.
4427 1460 4764 1558 Denique

1517 1604 1649 1679 per
1702 1579 2070 1673 ostiolum,
2151 1578 2227 1654 in
2291 1579 2533 1655 media
2597 1579 2861 1653 cellula
2926 1576 3221 1651 matrice
3271 1577 3615 1677 positum,
3693 1601 4424 1676 megazoosporarum
4477 1580 4762 1676 globus,

1517 1709 1598 1776 ut
1671 1700 1744 1773 in
1812 1698 2232 1772 Hor-miscio
2280 1712 2536 1771 sonata
2589 1704 2662 1771 et
2726 1695 3082 1793 Urospora
3130 1696 3460 1786 mirabili,
3515 1697 3908 1772 extruditur
3960 1708 4050 1791 et,
4098 1698 4329 1773 forma
4377 1697 4762 1797 sphaerica

1517 1825 1964 1917 recuperata,
2020 1815 2439 1890 dissolvitur
2487 1816 2563 1889 in
2616 1836 3251 1914 megazoosporas,
3306 1836 3492 1912 quae
3542 1813 3757 1891 modo
3809 1816 4020 1890 solito
4076 1824 4413 1912 motuque
4452 1816 4762 1891 vivacis-

1519 1937 1703 2013 simo
1756 1958 1923 2011 mox
1970 1941 2426 2030 sparguntur.
2530 1929 2858 2007 Cellulae
2910 1954 3641 2033 megazoosporarum
3693 1935 4032 2009 matrices
4076 1956 4234 2009 cum
4271 1935 4558 2031 vegetis
4592 1957 4760 2011 eon-

1516 2055 1808 2130 veniunt
1882 2052 2298 2150 plerumque
2376 2052 2609 2127 forma
2685 2058 2758 2125 et
2830 2049 3298 2147 longitudine,
3379 2050 3801 2128 diametrum
3866 2077 4051 2129 nunc
4104 2064 4516 2151 aequantes,
4569 2076 4758 2128 nunc

1517 2169 1773 2246 eodem
1827 2169 1995 2268 2plo
2044 2168 2432 2265 longiores.
2897 2189 2908 2200 ·

1717 2289 2343 2385 Megazoosporae
2396 2296 2651 2363 exacte
2704 2284 3053 2362 ovoideae
3104 2293 3228 2360 aut
3279 2287 4022 2383 elongato-ovoideae,
4061 2288 4509 2364 extremitate
4545 2309 4756 2386 supe-

1514 2407 1704 2483 riore
1750 2406 2047 2505 hyalina
2100 2406 2425 2503 ciliisque
2480 2405 2758 2480 duobus
2810 2404 3238 2497 vibratoriis‚
3291 2405 3456 2503 ipsa
3506 2429 4084 2503 megazoospora
4118 2406 4586 2503 longioribus,
4637 2404 4757 2479 vel

1515 2549 1679 2601 eam
1727 2546 2231 2620 nonnunquam
2281 2526 2397 2600 bis
2450 2524 2986 2617 excedentibus,
3047 2522 3399 2598 instructa
3454 2524 3631 2618 (tab.
3666 2523 3791 2599 IV.
3845 2527 3892 2601 f.
3933 2530 3976 2600 9
4015 2550 4062 2601 a
4085 2526 4185 2628 b).
4263 2526 4351 2600 In
4402 2532 4627 2618 motu,
4682 2530 4759 2597 ut

1512 2668 1673 2720 mos
1726 2651 1856 2736 est,
1892 2642 2106 2741 paulo
2142 2642 2513 2738 longiores
2537 2643 2949 2718 redduntur.
3001 2640 3300 2715 Minima
3329 2663 3574 2717 earum
3599 2642 3975 2739 longitudo
4003 2648 4049 2718 5
4076 2645 4405 2739 Mimo-¹³,
4442 2644 4756 2718 maxima

1519 2768 1618 2866 7}
1667 2764 1974 2837 Mioror-
2013 2768 2086 2834 et
2123 2760 2424 2836 latitudo
2475 2762 2790 2837 maxima
2842 2763 2888 2836 5
2939 2759 3267 2835 Micro¹”'.
3346 2759 3545 2835 Motu
3573 2760 3772 2835 finito
3801 2783 3930 2837 eas
3957 2771 4152 2837 certo
4181 2762 4588 2859 germinare
4615 2784 4757 2836 non

1515 2881 1847 2956 vidimus.
1926 2877 2074 2956 Sed
2126 2879 2202 2954 in
2252 2880 2446 2978 algis
2482 2882 2726 2975 variis,
2763 2881 2952 2955 iufra
2976 2879 3272 2954 limitem
3299 2901 3531 2975 aquae
3555 2880 3893 2974 marinae,
3931 2881 4006 2956 in
4033 2903 4171 2978 quo
4200 2881 4464 2956 crescit
4488 2880 4753 2979 planta,

1512 2999 1950 3096 vigentibus,
2017 2998 2312 3094 juniora
2386 3001 2543 3095 ejus
2625 2998 3024 3096 specimina
3100 3021 3241 3073 non
3318 3022 3485 3074 raro
3554 3000 4023 3075 observantur
4074 3022 4161 3074 eo
4210 3008 4554 3097 tempore,
4615 3019 4754 3096 quo

1516 3117 1937 3192 evolvuntur
1986 3139 2631 3217 megazoosporae,
2688 3139 2778 3190 ex
2823 3116 2938 3190 his
2975 3115 3132 3190 sine
3181 3115 3621 3192 dubitatione
3674 3124 3922 3191 exorta
3954 3122 4066 3215 ⁸¹).
4169 3116 4408 3214 Hujus
4458 3124 4757 3193 naturae

1515 3235 1914 3334 specimina
1957 3235 2032 3310 in
2082 3235 2254 3332 Alg.
2309 3235 2569 3314 Seand.
2626 3259 2776 3312 exs.
2828 3257 2894 3309 n.
2952 3237 3096 3309 228
3153 3233 3531 3312 distributa
3565 3244 3762 3331 sunt,
3816 3234 3911 3312 ad
3976 3235 4396 3336 Conservam
4441 3237 4753 3310 canosam

1511 3352 1865 3448 Auctorr.,
1914 3377 2100 3451 quae
2151 3355 2364 3431 nobis
2416 3355 2699 3429 videtur
2749 3354 2981 3428 forma
3026 3353 3237 3451 hujus
3292 3358 3702 3452 parasitica,
3758 3365 3838 3430 ut
3888 3354 4266 3448 eredimus,
4310 3357 4476 3452 jure
4502 3355 4750 3429 relata.

1523 3469 1723 3568 Conf.
1777 3472 2060 3548 lanosae
2135 3496 2266 3547 sev
2355 3473 2556 3573 Cous.
2622 3473 2924 3546 uncialis
2993 3474 3427 3570 parasiticae
3500 3477 3733 3550 forma
3806 3474 4045 3571 magis
4119 3474 4409 3549 evoluta
4459 3473 4534 3547 in
4588 3473 4754 3568 Alg.

1514 3587 1776 3664 Scand.
1831 3612 1983 3664 exs.
2031 3614 2099 3663 n.
2159 3594 2296 3666 181
2353 3589 2547 3666 edita
2601 3601 2733 3668 est.
2785 3634 2889 3648 —-
2937 3590 3558 3691 Mierozoosporas
3592 3593 3734 3668 hae
3766 3592 3839 3667 in
3867 3593 4116 3691 planta
4142 3617 4189 3668 a
4211 3591 4422 3667 nobis
4451 3590 4754 3688 diligen·

1514 3705 1790 3781 tissime
1842 3709 2209 3805 quaesitas
2262 3709 2572 3786 vidimus
2625 3732 2985 3806 nunquam
3020 3714 3129 3811 ³²).

2040 4016 2219 4098 De
2271 4018 2627 4098 motus
2681 4015 3411 4100 mechanismo
3460 4018 3574 4101 in
3626 4017 4199 4116 zoosporiS.

1712 4213 1832 4289 De
1899 4213 2113 4290 modo
2191 4238 2322 4290 sev
2396 4216 2904 4311 mechanismo,
2960 4240 3099 4315 quo
3151 4240 3234 4291 se
3286 4227 3573 4293 movent
3619 4240 4040 4316 zoosporae,
4096 4220 4465 4318 scripturi,
4520 4245 4756 4319 pauca

1513 4332 1660 4426 illa,
1715 4354 1900 4427 quae
1954 4331 2047 4406 de
2099 4332 2303 4406 varia
2353 4355 2867 4433 zoosporarum
2919 4337 3150 4411 forma
3199 4337 3274 4410 in
3318 4336 3665 4436 Confer-va
3703 4338 3894 4414 Li-no
3930 4339 4494 4435 observavimus,
4549 4363 4754 4438 prae-

1555 4705 1575 4771 Ι
1669 4604 1800 4721 031)
1844 4604 2122 4690 Figuras
2190 4603 2415 4670 barum
2469 4603 2832 4690 plantarum
2896 4605 3415 4690 germinantium,
3484 4608 3807 4676 nescimus
3851 4629 3976 4695 quo
4019 4629 4205 4696 casu,
4274 4610 4601 4679 delineare
4648 4632 4757 4678 ne-

1508 4726 1555 4790 g
1581 4724 1853 4772 eximus.

1682 4833 1798 4917 32)
1843 4832 1922 4898 In
1970 4832 2301 4920 σωγαναι
2344 4835 2687 4919 speciebus
2752 4834 2948 4918 longe
3015 4842 3159 4920 post
3223 4855 3765 4922 megazoosporas
3811 4838 4022 4905 evolvi
4066 4838 4367 4906 videntur
4409 4841 4752 4907 microzoo·

1508 4952 1764 5020 sporae.
1851 4934 2104 5002 Forsan
2169 4935 2296 5003 hac
2365 4938 2432 5004 in
2497 4937 2721 5023 planta
2773 4956 2993 5003 earum
3036 4940 3326 5005 formatio
3371 4937 3652 5006 nondum
3694 4940 4049 5025 incepisset
4087 4961 4186 5026 eo,
4234 4961 4359 5028 quo
4399 4942 4750 5009 Bahusiam

1510 5038 1880 5122 reliquimus
1946 5045 2253 5126 tempore.
2339 5040 2566 5107 Mense
2629 5039 2801 5107 Julio
2873 5041 3037 5106 1865
3079 5040 3146 5106 in
3191 5042 3550 5109 Hor-miscio
3592 5056 3814 5109 zonam
3860 5045 4071 5111 nullas
4116 5045 4479 5112 invenimus
4526 5047 4752 5112 micro·

1507 5158 1874 5224 zoosporas,
1944 5144 2123 5210 solas
2182 5161 2747 5228 megazoosporas.
2833 5142 3021 5208 Anno
3091 5144 3258 5210 1864
3317 5146 3684 5230 accepimus
3732 5165 3812 5211 ex
3857 5145 4147 5214 Bahusia
4188 5147 4547 5234 specimina
4597 5150 4748 5213 Uro·

1503 5263 1726 5329 spos-ao
1766 5246 2063 5311 mirabilis
2105 5264 2463 5330 numerosa,
2506 5264 2675 5329 quae
2703 5245 2936 5330 omnia,
2970 5246 3281 5330 Upsaliae
3311 5249 3501 5331 culta,
3534 5248 3775 5333 pluries
3806 5246 4148 5317 ediderunt
4177 5268 4741 5336 megazoosporas,

1505 5344 1719 5411 nullas
1764 5350 1977 5411 autem
2019 5347 2595 5433 mierozoosporas.
